{"amount": 0.00170325, "date": 1672542328, "price": 88066.70259116, "tid": 14561254, "type": "buy"}
{"amount": 0.00055674, "date": 1672542902, "price": 88020.37460802, "tid": 14561255, "type": "buy"}
{"amount": 0.00018915, "date": 1672543387, "price": 88084.3048, "tid": 14561256, "type": "buy"}
{"amount": 0.00227099, "date": 1672543597, "price": 88067.11223794, "tid": 14561257, "type": "buy"}
{"amount": 0.00626136, "date": 1672543653, "price": 88000, "tid": 14561258, "type": "sell"}
{"amount": 0.00213864, "date": 1672543653, "price": 87950, "tid": 14561259, "type": "sell"}
{"amount": 1e-05, "date": 1672543730, "price": 88055.846684, "tid": 14561260, "type": "buy"}
{"amount": 1e-05, "date": 1672543747, "price": 88054.21276812, "tid": 14561261, "type": "buy"}
{"amount": 1e-05, "date": 1672543795, "price": 88050.3954, "tid": 14561262, "type": "buy"}
{"amount": 0.00113572, "date": 1672543804, "price": 88049.5708, "tid": 14561263, "type": "buy"}
{"amount": 1e-05, "date": 1672544391, "price": 87997.80215484, "tid": 14561264, "type": "buy"}
{"amount": 1e-05, "date": 1672544429, "price": 88111.341077, "tid": 14561265, "type": "buy"}
{"amount": 1e-05, "date": 1672544454, "price": 88109.45921806, "tid": 14561266, "type": "buy"}
{"amount": 1e-05, "date": 1672545119, "price": 87950.01, "tid": 14561267, "type": "sell"}
{"amount": 0.00822123, "date": 1672545119, "price": 87950, "tid": 14561268, "type": "sell"}
{"amount": 1e-05, "date": 1672545119, "price": 87950, "tid": 14561269, "type": "sell"}
{"amount": 1e-05, "date": 1672545119, "price": 87950, "tid": 14561270, "type": "sell"}
{"amount": 1e-05, "date": 1672545119, "price": 87950, "tid": 14561271, "type": "sell"}
{"amount": 1e-05, "date": 1672545119, "price": 87949.99, "tid": 14561272, "type": "sell"}
{"amount": 1e-05, "date": 1672545119, "price": 87910.01, "tid": 14561273, "type": "sell"}
{"amount": 0.00994877, "date": 1672545119, "price": 87910, "tid": 14561274, "type": "sell"}
{"amount": 0.00224962, "date": 1672545484, "price": 88023.58596424, "tid": 14561275, "type": "buy"}
{"amount": 0.00160217, "date": 1672545693, "price": 88005.3832281, "tid": 14561276, "type": "buy"}
{"amount": 0.0008, "date": 1672545905, "price": 87910.01944654, "tid": 14561277, "type": "sell"}
{"amount": 3.204e-05, "date": 1672546083, "price": 88008.6353119, "tid": 14561278, "type": "buy"}
{"amount": 7.33e-05, "date": 1672546404, "price": 87983.63093898, "tid": 14561279, "type": "buy"}
{"amount": 5.513e-05, "date": 1672546587, "price": 87969.58859856, "tid": 14561280, "type": "buy"}
{"amount": 1.136e-05, "date": 1672546721, "price": 87959.61306152, "tid": 14561281, "type": "buy"}
{"amount": 0.00011143, "date": 1672546825, "price": 87951.51114638, "tid": 14561282, "type": "buy"}
{"amount": 0.00011373, "date": 1672547223, "price": 87920.82417934, "tid": 14561283, "type": "buy"}
{"amount": 1.103e-05, "date": 1672547253, "price": 87919.98114, "tid": 14561284, "type": "buy"}
{"amount": 0.00016424, "date": 1672547449, "price": 87919.98114, "tid": 14561285, "type": "buy"}
{"amount": 1e-05, "date": 1672547775, "price": 87910.01, "tid": 14561286, "type": "sell"}
{"amount": 0.00049, "date": 1672547775, "price": 87910, "tid": 14561287, "type": "sell"}
{"amount": 0.00590581, "date": 1672547844, "price": 87910.00000001, "tid": 14561288, "type": "buy"}
{"amount": 0.00102236, "date": 1672547929, "price": 88030.97756582, "tid": 14561289, "type": "buy"}
{"amount": 0.00011365, "date": 1672548504, "price": 87982.23171362, "tid": 14561290, "type": "buy"}
{"amount": 1.136e-05, "date": 1672548683, "price": 87967.87691942, "tid": 14561291, "type": "buy"}
{"amount": 0.00397888, "date": 1672548724, "price": 87964.29715868, "tid": 14561292, "type": "buy"}
{"amount": 0.00078783, "date": 1672548897, "price": 87950.19563328, "tid": 14561293, "type": "buy"}
{"amount": 0.01129285, "date": 1672549133, "price": 87931.72426784, "tid": 14561294, "type": "buy"}
{"amount": 0.00056064, "date": 1672550734, "price": 87910, "tid": 14561295, "type": "sell"}
{"amount": 1.137e-05, "date": 1672550904, "price": 87923.47765641, "tid": 14561296, "type": "buy"}
{"amount": 0.00039994, "date": 1672552735, "price": 88012.17851824, "tid": 14561297, "type": "buy"}
{"amount": 0.01136235, "date": 1672552764, "price": 88009.91653468, "tid": 14561298, "type": "buy"}
{"amount": 0.00016259, "date": 1672553481, "price": 87910.13947121, "tid": 14561299, "type": "sell"}
{"amount": 0.00018481, "date": 1672553733, "price": 88031.03300144, "tid": 14561300, "type": "buy"}
{"amount": 0.00014894, "date": 1672554087, "price": 87918.73948178, "tid": 14561301, "type": "sell"}
{"amount": 0.00017227, "date": 1672554228, "price": 87920.572, "tid": 14561302, "type": "sell"}
{"amount": 0.00083324, "date": 1672554457, "price": 87929.73917049, "tid": 14561303, "type": "sell"}
{"amount": 0.0058, "date": 1672554517, "price": 87932.95032416, "tid": 14561304, "type": "sell"}
{"amount": 5.646e-05, "date": 1672554555, "price": 87934.61981114, "tid": 14561305, "type": "sell"}
{"amount": 0.001, "date": 1672554768, "price": 88038.08, "tid": 14561306, "type": "buy"}
{"amount": 0.01516, "date": 1672554768, "price": 88038.09001552, "tid": 14561307, "type": "buy"}
{"amount": 0.01633, "date": 1672554768, "price": 88038.40096166, "tid": 14561308, "type": "buy"}
{"amount": 0.01549, "date": 1672554768, "price": 88076.86842984, "tid": 14561309, "type": "buy"}
{"amount": 0.05441, "date": 1672554768, "price": 88076.87015, "tid": 14561310, "type": "buy"}
{"amount": 0.00011353, "date": 1672554787, "price": 88075.51628268, "tid": 14561311, "type": "buy"}
{"amount": 0.01521647, "date": 1672554788, "price": 88075.51628268, "tid": 14561312, "type": "buy"}
{"amount": 0.01549, "date": 1672554788, "price": 88075.54236286, "tid": 14561313, "type": "buy"}
{"amount": 0.01599, "date": 1672554788, "price": 88075.54754762, "tid": 14561314, "type": "buy"}
{"amount": 0.01566, "date": 1672554788, "price": 88075.57965508, "tid": 14561315, "type": "buy"}
{"amount": 0.01599, "date": 1672554788, "price": 88075.59330452, "tid": 14561316, "type": "buy"}
{"amount": 0.01499, "date": 1672554788, "price": 88075.59647314, "tid": 14561317, "type": "buy"}
{"amount": 0.00896353, "date": 1672554788, "price": 88075.61719104, "tid": 14561318, "type": "buy"}
{"amount": 0.01461608, "date": 1672555745, "price": 87957.45152307, "tid": 14561319, "type": "sell"}
{"amount": 5.172e-05, "date": 1672556067, "price": 87925.5352302, "tid": 14561320, "type": "sell"}
{"amount": 0.00025009, "date": 1672558614, "price": 87965.06436036, "tid": 14561321, "type": "buy"}
{"amount": 2.49e-05, "date": 1672558685, "price": 87910, "tid": 14561322, "type": "sell"}
{"amount": 0.0115113, "date": 1672560844, "price": 87910, "tid": 14561323, "type": "sell"}
{"amount": 9.966e-05, "date": 1672561446, "price": 87910, "tid": 14561324, "type": "sell"}
{"amount": 0.0001114, "date": 1672562870, "price": 87910, "tid": 14561325, "type": "sell"}
{"amount": 0.00055688, "date": 1672563147, "price": 87997.81169416, "tid": 14561326, "type": "buy"}
{"amount": 1e-05, "date": 1672563368, "price": 87983.9515832, "tid": 14561327, "type": "buy"}
{"amount": 1e-05, "date": 1672563380, "price": 87983.08282772, "tid": 14561328, "type": "buy"}
{"amount": 1e-05, "date": 1672563393, "price": 87982.17989852, "tid": 14561329, "type": "buy"}
{"amount": 1e-05, "date": 1672563404, "price": 87981.57828404, "tid": 14561330, "type": "buy"}
{"amount": 1e-05, "date": 1672563412, "price": 87981.11103446, "tid": 14561331, "type": "buy"}
{"amount": 1e-05, "date": 1672563418, "price": 87980.68222948, "tid": 14561332, "type": "buy"}
{"amount": 1e-05, "date": 1672563429, "price": 87980.31436044, "tid": 14561333, "type": "buy"}
{"amount": 1e-05, "date": 1672563441, "price": 87979.95034, "tid": 14561334, "type": "buy"}
{"amount": 1e-05, "date": 1672563461, "price": 87978.65869688, "tid": 14561335, "type": "buy"}
{"amount": 1e-05, "date": 1672563481, "price": 87977.72822044, "tid": 14561336, "type": "buy"}
{"amount": 1e-05, "date": 1672563493, "price": 87977.13904068, "tid": 14561337, "type": "buy"}
{"amount": 1e-05, "date": 1672563515, "price": 87976.02376, "tid": 14561338, "type": "buy"}
{"amount": 1e-05, "date": 1672563524, "price": 87975.34932476, "tid": 14561339, "type": "buy"}
{"amount": 1e-05, "date": 1672563540, "price": 87974.49726556, "tid": 14561340, "type": "buy"}
{"amount": 1e-05, "date": 1672563553, "price": 87973.5038888, "tid": 14561341, "type": "buy"}
{"amount": 1e-05, "date": 1672563562, "price": 87972.9558644, "tid": 14561342, "type": "buy"}
{"amount": 1e-05, "date": 1672563571, "price": 87972.34468364, "tid": 14561343, "type": "buy"}
{"amount": 1e-05, "date": 1672563581, "price": 87971.62583614, "tid": 14561344, "type": "buy"}
{"amount": 1e-05, "date": 1672563601, "price": 87970.94177544, "tid": 14561345, "type": "buy"}
{"amount": 1e-05, "date": 1672563610, "price": 87970.46891984, "tid": 14561346, "type": "buy"}
{"amount": 1e-05, "date": 1672563624, "price": 87969.7807837, "tid": 14561347, "type": "buy"}
{"amount": 1e-05, "date": 1672563635, "price": 87969.00105944, "tid": 14561348, "type": "buy"}
{"amount": 0.00011358, "date": 1672564053, "price": 88037.3262, "tid": 14561349, "type": "buy"}
{"amount": 0.00113653, "date": 1672564309, "price": 87986.73908598, "tid": 14561350, "type": "buy"}
{"amount": 0.00170507, "date": 1672564552, "price": 87972.48415246, "tid": 14561351, "type": "buy"}
{"amount": 0.00018796, "date": 1672564678, "price": 87966.27485472, "tid": 14561352, "type": "buy"}
{"amount": 0.00113597, "date": 1672565420, "price": 88030.12601418, "tid": 14561353, "type": "buy"}
{"amount": 0.00112475, "date": 1672565458, "price": 88027.82804, "tid": 14561354, "type": "buy"}
{"amount": 0.00013997, "date": 1672565671, "price": 88014.4593978, "tid": 14561355, "type": "buy"}
{"amount": 0.00026112, "date": 1672565843, "price": 87910, "tid": 14561356, "type": "sell"}
{"amount": 1e-05, "date": 1672567225, "price": 88082, "tid": 14561357, "type": "buy"}
{"amount": 0.0001, "date": 1672567225, "price": 88082.24, "tid": 14561358, "type": "buy"}
{"amount": 1e-05, "date": 1672567225, "price": 88100, "tid": 14561359, "type": "buy"}
{"amount": 0.00044749, "date": 1672567225, "price": 88111.68797036, "tid": 14561360, "type": "buy"}
{"amount": 9.831e-05, "date": 1672567244, "price": 88111.10920954, "tid": 14561361, "type": "buy"}
{"amount": 0.0001, "date": 1672567428, "price": 88006.1046147, "tid": 14561362, "type": "sell"}
{"amount": 0.00033687, "date": 1672567471, "price": 88008.28151241, "tid": 14561363, "type": "sell"}
{"amount": 0.01566, "date": 1672567916, "price": 88013.49291157, "tid": 14561364, "type": "sell"}
{"amount": 0.00069471, "date": 1672567916, "price": 88013.39019826, "tid": 14561365, "type": "sell"}
{"amount": 1e-05, "date": 1672568690, "price": 88100, "tid": 14561366, "type": "buy"}
{"amount": 2.995e-05, "date": 1672568690, "price": 88113.51, "tid": 14561367, "type": "buy"}
{"amount": 0.00024917, "date": 1672568690, "price": 88140.2657902, "tid": 14561368, "type": "buy"}
{"amount": 0.00113462, "date": 1672569287, "price": 88135.07492014, "tid": 14561369, "type": "buy"}
{"amount": 0.0011234, "date": 1672569310, "price": 88134.11476848, "tid": 14561370, "type": "buy"}
{"amount": 0.0001, "date": 1672569418, "price": 88127.68332502, "tid": 14561371, "type": "buy"}
{"amount": 0.0001, "date": 1672569431, "price": 88126.92768, "tid": 14561372, "type": "buy"}
{"amount": 0.0005561, "date": 1672569532, "price": 88122.5135979, "tid": 14561373, "type": "buy"}
{"amount": 0.0001, "date": 1672569664, "price": 88116.36719432, "tid": 14561374, "type": "buy"}
{"amount": 0.0001, "date": 1672569747, "price": 88111.08314732, "tid": 14561375, "type": "buy"}
{"amount": 3.187e-05, "date": 1672570039, "price": 88150.29296154, "tid": 14561376, "type": "buy"}
{"amount": 3.187e-05, "date": 1672570150, "price": 88163.25081698, "tid": 14561377, "type": "buy"}
{"amount": 5.503e-05, "date": 1672570238, "price": 88139.37161284, "tid": 14561378, "type": "buy"}
{"amount": 6.003e-05, "date": 1672570539, "price": 88100, "tid": 14561379, "type": "sell"}
{"amount": 3.997e-05, "date": 1672570966, "price": 88100, "tid": 14561380, "type": "sell"}
{"amount": 4.23e-06, "date": 1672570966, "price": 88099.99, "tid": 14561381, "type": "sell"}
{"amount": 5.77e-06, "date": 1672571029, "price": 88099.99, "tid": 14561382, "type": "sell"}
{"amount": 3.467e-05, "date": 1672571029, "price": 88060.53508717, "tid": 14561383, "type": "sell"}
{"amount": 1e-05, "date": 1672571498, "price": 88165, "tid": 14561384, "type": "buy"}
{"amount": 0.00225844, "date": 1672571498, "price": 88166.2823123, "tid": 14561385, "type": "buy"}
{"amount": 0.00113422, "date": 1672571511, "price": 88166.2823123, "tid": 14561386, "type": "buy"}
{"amount": 0.00011342, "date": 1672571600, "price": 88165.19158042, "tid": 14561387, "type": "buy"}
{"amount": 2e-05, "date": 1672571905, "price": 88088.88, "tid": 14561388, "type": "sell"}
{"amount": 2e-05, "date": 1672571905, "price": 88071.17, "tid": 14561389, "type": "sell"}
{"amount": 2e-05, "date": 1672571905, "price": 88069.69, "tid": 14561390, "type": "sell"}
{"amount": 2.983e-05, "date": 1672571905, "price": 88014.6240644, "tid": 14561391, "type": "sell"}
{"amount": 0.00011344, "date": 1672571962, "price": 88149.55686, "tid": 14561392, "type": "buy"}
{"amount": 0.01134385, "date": 1672572295, "price": 88153.47575, "tid": 14561393, "type": "buy"}
{"amount": 0.00022237, "date": 1672573245, "price": 88150.25069792, "tid": 14561394, "type": "buy"}
{"amount": 0.00011342, "date": 1672573300, "price": 88162.85634442, "tid": 14561395, "type": "buy"}
{"amount": 4.414e-05, "date": 1672573354, "price": 88015.80305818, "tid": 14561396, "type": "sell"}
{"amount": 0.003263, "date": 1672573500, "price": 88010.55952815, "tid": 14561397, "type": "sell"}
{"amount": 1.353e-05, "date": 1672573537, "price": 88149.23362732, "tid": 14561398, "type": "buy"}
{"amount": 0.00103663, "date": 1672573927, "price": 88019.46711286, "tid": 14561399, "type": "sell"}
{"amount": 7.518e-05, "date": 1672574039, "price": 88126.08530452, "tid": 14561400, "type": "buy"}
{"amount": 5.25e-05, "date": 1672574070, "price": 88126.08525, "tid": 14561401, "type": "buy"}
{"amount": 1.702e-05, "date": 1672574072, "price": 88126.08525, "tid": 14561402, "type": "buy"}
{"amount": 0.02253589, "date": 1672574108, "price": 88126.08525, "tid": 14561403, "type": "buy"}
{"amount": 0.0013384, "date": 1672574114, "price": 88031.61566313, "tid": 14561404, "type": "sell"}
{"amount": 0.00132775, "date": 1672574150, "price": 88126.08525, "tid": 14561405, "type": "buy"}
{"amount": 0.00226874, "date": 1672574364, "price": 88154.36694, "tid": 14561406, "type": "buy"}
{"amount": 0.000616, "date": 1672574629, "price": 88020.84964, "tid": 14561407, "type": "sell"}
{"amount": 0.00011343, "date": 1672574669, "price": 88155.70405106, "tid": 14561408, "type": "buy"}
{"amount": 0.0056719, "date": 1672574958, "price": 88153.73125742, "tid": 14561409, "type": "buy"}
{"amount": 0.00448748, "date": 1672575190, "price": 88164.39113, "tid": 14561410, "type": "buy"}
{"amount": 0.00098556, "date": 1672575399, "price": 88165.1915, "tid": 14561411, "type": "buy"}
{"amount": 0.01189309, "date": 1672575399, "price": 88166.2823123, "tid": 14561412, "type": "buy"}
{"amount": 0.00104425, "date": 1672575429, "price": 88166.2823123, "tid": 14561413, "type": "buy"}
{"amount": 1e-05, "date": 1672575429, "price": 88190, "tid": 14561414, "type": "buy"}
{"amount": 3.469e-05, "date": 1672575429, "price": 88191.71, "tid": 14561415, "type": "buy"}
{"amount": 1e-05, "date": 1672575429, "price": 88200, "tid": 14561416, "type": "buy"}
{"amount": 3.524e-05, "date": 1672575429, "price": 88216.3206, "tid": 14561417, "type": "buy"}
{"amount": 0.0010357, "date": 1672575673, "price": 88110.22364092, "tid": 14561418, "type": "sell"}
{"amount": 0.02197757, "date": 1672575897, "price": 88200, "tid": 14561419, "type": "sell"}
{"amount": 4.112e-05, "date": 1672576153, "price": 88226.58, "tid": 14561420, "type": "buy"}
{"amount": 0.00565915, "date": 1672576324, "price": 88059.49836828, "tid": 14561421, "type": "sell"}
{"amount": 0.00917, "date": 1672576400, "price": 88200, "tid": 14561422, "type": "sell"}
{"amount": 0.01483, "date": 1672576441, "price": 88200, "tid": 14561423, "type": "sell"}
{"amount": 5.209e-05, "date": 1672576703, "price": 88087.32746, "tid": 14561424, "type": "sell"}
{"amount": 0.00113378, "date": 1672576867, "price": 88199.99, "tid": 14561425, "type": "buy"}
{"amount": 0.00203622, "date": 1672577603, "price": 88199.99, "tid": 14561426, "type": "buy"}
{"amount": 0.00054867, "date": 1672577603, "price": 88200, "tid": 14561427, "type": "buy"}
{"amount": 0.02480889, "date": 1672577603, "price": 88226.58, "tid": 14561428, "type": "buy"}
{"amount": 0.01788066, "date": 1672577603, "price": 88233.09745, "tid": 14561429, "type": "buy"}
{"amount": 0.00739491, "date": 1672577659, "price": 88233.09750908, "tid": 14561430, "type": "buy"}
{"amount": 0.00885004, "date": 1672577778, "price": 88026.43508542, "tid": 14561431, "type": "sell"}
{"amount": 0.00922, "date": 1672577895, "price": 88034.67030361, "tid": 14561432, "type": "sell"}
{"amount": 0.00069037, "date": 1672578073, "price": 88047.96468292, "tid": 14561433, "type": "sell"}
{"amount": 0.0009108, "date": 1672578182, "price": 88229.93560314, "tid": 14561434, "type": "buy"}
{"amount": 0.0005554, "date": 1672578232, "price": 88233.09750908, "tid": 14561435, "type": "buy"}
{"amount": 1.19e-05, "date": 1672578889, "price": 88216.28142782, "tid": 14561436, "type": "buy"}
{"amount": 0.01516, "date": 1672579194, "price": 88044.36302914, "tid": 14561437, "type": "sell"}
{"amount": 0.00442018, "date": 1672579194, "price": 88044.33650347, "tid": 14561438, "type": "sell"}
{"amount": 0.00038074, "date": 1672579237, "price": 88194.52779842, "tid": 14561439, "type": "buy"}
{"amount": 0.00898021, "date": 1672579309, "price": 88051.56189, "tid": 14561440, "type": "sell"}
{"amount": 0.01405095, "date": 1672579321, "price": 88052.38896865, "tid": 14561441, "type": "sell"}
{"amount": 0.0001905, "date": 1672579403, "price": 88182.67526794, "tid": 14561442, "type": "buy"}
{"amount": 0.01010516, "date": 1672579417, "price": 88181.64875902, "tid": 14561443, "type": "buy"}
{"amount": 0.00226808, "date": 1672579440, "price": 88180.24128882, "tid": 14561444, "type": "buy"}
{"amount": 0.00917, "date": 1672579456, "price": 88056.8436606, "tid": 14561445, "type": "sell"}
{"amount": 9.696e-05, "date": 1672579555, "price": 88172.99677854, "tid": 14561446, "type": "buy"}
{"amount": 0.00157921, "date": 1672579730, "price": 88162.79867268, "tid": 14561447, "type": "buy"}
{"amount": 0.00909902, "date": 1672579911, "price": 88048.91514, "tid": 14561448, "type": "sell"}
{"amount": 0.0036, "date": 1672580111, "price": 88044.34, "tid": 14561449, "type": "sell"}
{"amount": 5.526e-05, "date": 1672580426, "price": 88124.77664324, "tid": 14561450, "type": "buy"}
{"amount": 0.00067659, "date": 1672580537, "price": 88024.30537329, "tid": 14561451, "type": "sell"}
{"amount": 0.00027799, "date": 1672580765, "price": 88140.8025938, "tid": 14561452, "type": "buy"}
{"amount": 0.00899922, "date": 1672580932, "price": 88031.67385823, "tid": 14561453, "type": "sell"}
{"amount": 2.269e-05, "date": 1672581014, "price": 88127.66110038, "tid": 14561454, "type": "buy"}
{"amount": 0.00355471, "date": 1672581020, "price": 88127.30426502, "tid": 14561455, "type": "buy"}
{"amount": 5.372e-05, "date": 1672581024, "price": 88031.9243, "tid": 14561456, "type": "sell"}
{"amount": 0.00011117, "date": 1672581072, "price": 88159.42614188, "tid": 14561457, "type": "buy"}
{"amount": 0.00336952, "date": 1672581181, "price": 88151.9911346, "tid": 14561458, "type": "buy"}
{"amount": 0.00017857, "date": 1672581354, "price": 88142.3789233, "tid": 14561459, "type": "buy"}
{"amount": 0.00340368, "date": 1672581394, "price": 88139.67097254, "tid": 14561460, "type": "buy"}
{"amount": 0.00908912, "date": 1672581516, "price": 88049.41915, "tid": 14561461, "type": "sell"}
{"amount": 0.0014219, "date": 1672581571, "price": 88050.87235, "tid": 14561462, "type": "sell"}
{"amount": 0.0003403, "date": 1672581856, "price": 88155.76472162, "tid": 14561463, "type": "buy"}
{"amount": 0.0001397, "date": 1672581882, "price": 88053.6850764, "tid": 14561464, "type": "sell"}
{"amount": 9.063e-05, "date": 1672581913, "price": 88152.58599, "tid": 14561465, "type": "buy"}
{"amount": 1.65e-05, "date": 1672581945, "price": 88165.4184209, "tid": 14561466, "type": "buy"}
{"amount": 0.00054039, "date": 1672582043, "price": 88158.86985618, "tid": 14561467, "type": "buy"}
{"amount": 0.0005604, "date": 1672582189, "price": 88043.63611, "tid": 14561468, "type": "sell"}
{"amount": 0.00011342, "date": 1672582243, "price": 88171.3943221, "tid": 14561469, "type": "buy"}
{"amount": 0.00113455, "date": 1672582392, "price": 88140.41926598, "tid": 14561470, "type": "buy"}
{"amount": 6.637e-05, "date": 1672582398, "price": 88140.15297928, "tid": 14561471, "type": "buy"}
{"amount": 0.00014019, "date": 1672582460, "price": 88052.25825, "tid": 14561472, "type": "sell"}
{"amount": 0.01516, "date": 1672582583, "price": 88150.22462974, "tid": 14561473, "type": "buy"}
{"amount": 0.0041029, "date": 1672582583, "price": 88150.29496, "tid": 14561474, "type": "buy"}
{"amount": 0.01, "date": 1672582801, "price": 88042, "tid": 14561475, "type": "sell"}
{"amount": 0.00011449, "date": 1672582801, "price": 88041.99, "tid": 14561476, "type": "sell"}
{"amount": 0.00338551, "date": 1672582801, "price": 88041.95, "tid": 14561477, "type": "sell"}
{"amount": 5.502e-05, "date": 1672582971, "price": 88149.75587, "tid": 14561478, "type": "buy"}
{"amount": 0.0005558, "date": 1672583210, "price": 88170.08636, "tid": 14561479, "type": "buy"}
{"amount": 0.00227014, "date": 1672583220, "price": 88100, "tid": 14561480, "type": "sell"}
{"amount": 0.00686849, "date": 1672583220, "price": 88059.72114334, "tid": 14561481, "type": "sell"}
{"amount": 0.00100884, "date": 1672583289, "price": 88169.88954, "tid": 14561482, "type": "buy"}
{"amount": 0.00915843, "date": 1672583393, "price": 88071.20944653, "tid": 14561483, "type": "sell"}
{"amount": 0.00868763, "date": 1672583438, "price": 88172.4, "tid": 14561484, "type": "buy"}
{"amount": 0.0092149, "date": 1672583505, "price": 88078.36708913, "tid": 14561485, "type": "sell"}
{"amount": 1.428e-05, "date": 1672583567, "price": 88223.18629554, "tid": 14561486, "type": "buy"}
{"amount": 0.00912873, "date": 1672583626, "price": 88086.2925783, "tid": 14561487, "type": "sell"}
{"amount": 0.00916833, "date": 1672583728, "price": 88092.7611, "tid": 14561488, "type": "sell"}
{"amount": 0.00010202, "date": 1672583767, "price": 88210.77043386, "tid": 14561489, "type": "buy"}
{"amount": 0.0666424, "date": 1672583769, "price": 88093.82769, "tid": 14561490, "type": "sell"}
{"amount": 0.00112265, "date": 1672583906, "price": 88192.47803, "tid": 14561491, "type": "buy"}
{"amount": 0.00085034, "date": 1672583980, "price": 88199.54042194, "tid": 14561492, "type": "buy"}
{"amount": 1e-05, "date": 1672584082, "price": 88200, "tid": 14561493, "type": "buy"}
{"amount": 0.00021219, "date": 1672584082, "price": 88220.51053998, "tid": 14561494, "type": "buy"}
{"amount": 1.451e-05, "date": 1672584288, "price": 88205.5069725, "tid": 14561495, "type": "buy"}
{"amount": 0.00558431, "date": 1672584358, "price": 88200.67207524, "tid": 14561496, "type": "buy"}
{"amount": 0.00017008, "date": 1672584492, "price": 88191.49520044, "tid": 14561497, "type": "buy"}
{"amount": 0.00022678, "date": 1672584522, "price": 88189.58804382, "tid": 14561498, "type": "buy"}
{"amount": 0.00027772, "date": 1672584566, "price": 88225.05659974, "tid": 14561499, "type": "buy"}
{"amount": 0.0059984, "date": 1672584576, "price": 88079.58971343, "tid": 14561500, "type": "sell"}
{"amount": 0.0001112, "date": 1672584619, "price": 88221.78230028, "tid": 14561501, "type": "buy"}
{"amount": 2.629e-05, "date": 1672584743, "price": 88049.03640344, "tid": 14561502, "type": "sell"}
{"amount": 0.0003178, "date": 1672584772, "price": 88051.19182134, "tid": 14561503, "type": "sell"}
{"amount": 0.0011876, "date": 1672584995, "price": 88196.25952246, "tid": 14561504, "type": "buy"}
{"amount": 8.764e-05, "date": 1672585021, "price": 88194.52304988, "tid": 14561505, "type": "buy"}
{"amount": 0.0023, "date": 1672585148, "price": 88047.66087838, "tid": 14561506, "type": "sell"}
{"amount": 0.00170163, "date": 1672585371, "price": 88150.58512574, "tid": 14561507, "type": "buy"}
{"amount": 4.058e-05, "date": 1672585473, "price": 88041.95005, "tid": 14561508, "type": "sell"}
{"amount": 0.01849, "date": 1672585537, "price": 88041.95005, "tid": 14561509, "type": "sell"}
{"amount": 4.193e-05, "date": 1672585582, "price": 88136.31397, "tid": 14561510, "type": "buy"}
{"amount": 0.00112315, "date": 1672585699, "price": 88153.37429352, "tid": 14561511, "type": "buy"}
{"amount": 0.00011344, "date": 1672585715, "price": 88152.24412744, "tid": 14561512, "type": "buy"}
{"amount": 0.00032176, "date": 1672585722, "price": 88041.95, "tid": 14561513, "type": "sell"}
{"amount": 0.00045376, "date": 1672585742, "price": 88150.38701488, "tid": 14561514, "type": "buy"}
{"amount": 0.00013767, "date": 1672585865, "price": 88041.95, "tid": 14561515, "type": "sell"}
{"amount": 0.00010899, "date": 1672586017, "price": 88134.03796668, "tid": 14561516, "type": "buy"}
{"amount": 0.01047607, "date": 1672586182, "price": 88041.95, "tid": 14561517, "type": "sell"}
{"amount": 0.56945164, "date": 1672586182, "price": 88025.53719, "tid": 14561518, "type": "sell"}
{"amount": 0.00109727, "date": 1672586182, "price": 88016, "tid": 14561519, "type": "sell"}
{"amount": 2e-05, "date": 1672586182, "price": 88009.99, "tid": 14561520, "type": "sell"}
{"amount": 1e-05, "date": 1672586182, "price": 87999.99, "tid": 14561521, "type": "sell"}
{"amount": 2e-05, "date": 1672586182, "price": 87961, "tid": 14561522, "type": "sell"}
{"amount": 0.0001, "date": 1672586182, "price": 87950, "tid": 14561523, "type": "sell"}
{"amount": 0.0001, "date": 1672586182, "price": 87949.99, "tid": 14561524, "type": "sell"}
{"amount": 0.01616, "date": 1672586182, "price": 87922.66236975, "tid": 14561525, "type": "sell"}
{"amount": 0.01566, "date": 1672586182, "price": 87922.53613253, "tid": 14561526, "type": "sell"}
{"amount": 0.01499, "date": 1672586182, "price": 87921.8478797, "tid": 14561527, "type": "sell"}
{"amount": 0.01566, "date": 1672586182, "price": 87921.72839687, "tid": 14561528, "type": "sell"}
{"amount": 0.01533, "date": 1672586182, "price": 87911.57119192, "tid": 14561529, "type": "sell"}
{"amount": 0.00576981, "date": 1672586182, "price": 87911.19155242, "tid": 14561530, "type": "sell"}
{"amount": 5.435e-05, "date": 1672586212, "price": 88121.3390818, "tid": 14561531, "type": "buy"}
{"amount": 1.134e-05, "date": 1672586340, "price": 88110.59666914, "tid": 14561532, "type": "buy"}
{"amount": 0.00113496, "date": 1672586717, "price": 88108.1206494, "tid": 14561533, "type": "buy"}
{"amount": 0.01516, "date": 1672586837, "price": 88097.98257096, "tid": 14561534, "type": "buy"}
{"amount": 0.01533, "date": 1672586837, "price": 88097.98963974, "tid": 14561535, "type": "buy"}
{"amount": 0.01583, "date": 1672586837, "price": 88098.04472466, "tid": 14561536, "type": "buy"}
{"amount": 0.01499, "date": 1672586837, "price": 88098.05106222, "tid": 14561537, "type": "buy"}
{"amount": 0.01533, "date": 1672586837, "price": 88098.14295188, "tid": 14561538, "type": "buy"}
{"amount": 0.01633, "date": 1672586837, "price": 88098.14709546, "tid": 14561539, "type": "buy"}
{"amount": 0.01516, "date": 1672586837, "price": 88098.17805076, "tid": 14561540, "type": "buy"}
{"amount": 0.01633, "date": 1672586837, "price": 88098.17926914, "tid": 14561541, "type": "buy"}
{"amount": 0.06283115, "date": 1672586837, "price": 88098.20408, "tid": 14561542, "type": "buy"}
{"amount": 0.00011263, "date": 1672587213, "price": 87953.1703099, "tid": 14561543, "type": "sell"}
{"amount": 0.00090787, "date": 1672587649, "price": 88117.97148, "tid": 14561544, "type": "buy"}
{"amount": 1e-05, "date": 1672587672, "price": 88100.01, "tid": 14561545, "type": "buy"}
{"amount": 0.00027368, "date": 1672587672, "price": 88127.23391302, "tid": 14561546, "type": "buy"}
{"amount": 0.00113967, "date": 1672587786, "price": 88130.08446, "tid": 14561547, "type": "buy"}
{"amount": 0.00063479, "date": 1672588001, "price": 88008.73009028, "tid": 14561548, "type": "sell"}
{"amount": 0.00926, "date": 1672588374, "price": 88001.30642971, "tid": 14561549, "type": "sell"}
{"amount": 0.01566, "date": 1672588376, "price": 88160.26329484, "tid": 14561550, "type": "buy"}
{"amount": 0.01533, "date": 1672588376, "price": 88160.33282728, "tid": 14561551, "type": "buy"}
{"amount": 0.00322868, "date": 1672588376, "price": 88160.4522, "tid": 14561552, "type": "buy"}
{"amount": 2.087e-05, "date": 1672588420, "price": 88004.1738, "tid": 14561553, "type": "sell"}
{"amount": 0.001, "date": 1672588464, "price": 88007.27684978, "tid": 14561554, "type": "sell"}
{"amount": 0.00056718, "date": 1672588472, "price": 88154.23006064, "tid": 14561555, "type": "buy"}
{"amount": 0.00016591, "date": 1672588582, "price": 88014.8894, "tid": 14561556, "type": "sell"}
{"amount": 0.0003, "date": 1672588587, "price": 88015.25463869, "tid": 14561557, "type": "sell"}
{"amount": 0.00090026, "date": 1672588589, "price": 88162.49988, "tid": 14561558, "type": "buy"}
{"amount": 0.00040663, "date": 1672588656, "price": 88162.5, "tid": 14561559, "type": "buy"}
{"amount": 4.167e-05, "date": 1672588658, "price": 88020.12116071, "tid": 14561560, "type": "sell"}
{"amount": 0.00092156, "date": 1672588730, "price": 88197.55284374, "tid": 14561561, "type": "buy"}
{"amount": 0.012, "date": 1672588780, "price": 88028.56313627, "tid": 14561562, "type": "sell"}
{"amount": 0.01499, "date": 1672588810, "price": 88198.30715638, "tid": 14561563, "type": "buy"}
{"amount": 0.08722, "date": 1672588810, "price": 88199.99988, "tid": 14561564, "type": "buy"}
{"amount": 0.00010941, "date": 1672588854, "price": 88195.33986562, "tid": 14561565, "type": "buy"}
{"amount": 0.01851, "date": 1672588876, "price": 88200, "tid": 14561566, "type": "buy"}
{"amount": 1e-05, "date": 1672588876, "price": 88200.01, "tid": 14561567, "type": "buy"}
{"amount": 0.01499, "date": 1672588876, "price": 88209.19487618, "tid": 14561568, "type": "buy"}
{"amount": 0.0687, "date": 1672588876, "price": 88210.3, "tid": 14561569, "type": "buy"}
{"amount": 0.01583, "date": 1672588882, "price": 88208.71958318, "tid": 14561570, "type": "buy"}
{"amount": 0.01599, "date": 1672588882, "price": 88227.38013376, "tid": 14561571, "type": "buy"}
{"amount": 0.01583, "date": 1672588882, "price": 88227.48542944, "tid": 14561572, "type": "buy"}
{"amount": 0.01533, "date": 1672588882, "price": 88229.49677192, "tid": 14561573, "type": "buy"}
{"amount": 0.01566, "date": 1672588882, "price": 88240.23254396, "tid": 14561574, "type": "buy"}
{"amount": 0.02357, "date": 1672588882, "price": 88241.1, "tid": 14561575, "type": "buy"}
{"amount": 0.01533, "date": 1672588891, "price": 88208.0817156, "tid": 14561576, "type": "buy"}
{"amount": 0.01566, "date": 1672588891, "price": 88208.21041032, "tid": 14561577, "type": "buy"}
{"amount": 0.01583, "date": 1672588891, "price": 88226.96894438, "tid": 14561578, "type": "buy"}
{"amount": 0.01516, "date": 1672588891, "price": 88228.88742192, "tid": 14561579, "type": "buy"}
{"amount": 0.04023, "date": 1672588891, "price": 88241.1, "tid": 14561580, "type": "buy"}
{"amount": 9.72e-06, "date": 1672588921, "price": 88037.96352605, "tid": 14561581, "type": "sell"}
{"amount": 0.00010566, "date": 1672589050, "price": 88048.7196769, "tid": 14561582, "type": "sell"}
{"amount": 0.02250652, "date": 1672589175, "price": 88241.08994, "tid": 14561583, "type": "buy"}
{"amount": 0.00113276, "date": 1672589336, "price": 88072.63234571, "tid": 14561584, "type": "sell"}
{"amount": 5.666e-05, "date": 1672589403, "price": 88241.09, "tid": 14561585, "type": "buy"}
{"amount": 0.00630694, "date": 1672589557, "price": 88091.15258985, "tid": 14561586, "type": "sell"}
{"amount": 0.00113326, "date": 1672589616, "price": 88240.97459, "tid": 14561587, "type": "buy"}
{"amount": 0.00224408, "date": 1672589924, "price": 88240.66863, "tid": 14561588, "type": "buy"}
{"amount": 0.0016189, "date": 1672590075, "price": 88241.08994, "tid": 14561589, "type": "buy"}
{"amount": 0.00011332, "date": 1672590141, "price": 88241.08994, "tid": 14561590, "type": "buy"}
{"amount": 0.0016, "date": 1672590372, "price": 88097.0625418, "tid": 14561591, "type": "sell"}
{"amount": 0.00037567, "date": 1672590510, "price": 88241.08, "tid": 14561592, "type": "buy"}
{"amount": 0.01087759, "date": 1672590510, "price": 88241.09, "tid": 14561593, "type": "buy"}
{"amount": 0.00622091, "date": 1672590551, "price": 88241.09, "tid": 14561594, "type": "buy"}
{"amount": 0.00084484, "date": 1672590597, "price": 88241.09, "tid": 14561595, "type": "buy"}
{"amount": 0.00072601, "date": 1672590597, "price": 88241.09, "tid": 14561596, "type": "buy"}
{"amount": 0.00135991, "date": 1672590601, "price": 88241.09, "tid": 14561597, "type": "buy"}
{"amount": 0.0062, "date": 1672590603, "price": 88115.88931913, "tid": 14561598, "type": "sell"}
{"amount": 0.00673223, "date": 1672590622, "price": 88241.08994, "tid": 14561599, "type": "buy"}
{"amount": 6.75e-05, "date": 1672590674, "price": 88120.9741, "tid": 14561600, "type": "sell"}
{"amount": 3.496e-05, "date": 1672590788, "price": 88241.08994, "tid": 14561601, "type": "buy"}
{"amount": 0.00909912, "date": 1672591016, "price": 88044.98549359, "tid": 14561602, "type": "sell"}
{"amount": 0.00074636, "date": 1672591313, "price": 88241.09, "tid": 14561603, "type": "buy"}
{"amount": 0.00283314, "date": 1672591457, "price": 88241.08994, "tid": 14561604, "type": "buy"}
{"amount": 0.00374267, "date": 1672591464, "price": 88241.08994, "tid": 14561605, "type": "buy"}
{"amount": 7.537e-05, "date": 1672591508, "price": 88086.23978742, "tid": 14561606, "type": "sell"}
{"amount": 0.00113325, "date": 1672591676, "price": 88241.09, "tid": 14561607, "type": "buy"}
{"amount": 0.00113325, "date": 1672591725, "price": 88241.09, "tid": 14561608, "type": "buy"}
{"amount": 0.00693004, "date": 1672591841, "price": 88113.92468065, "tid": 14561609, "type": "sell"}
{"amount": 0.003, "date": 1672591859, "price": 88114.95412001, "tid": 14561610, "type": "sell"}
{"amount": 0.00226042, "date": 1672592305, "price": 88090, "tid": 14561611, "type": "buy"}
{"amount": 0.00034056, "date": 1672592354, "price": 88090, "tid": 14561612, "type": "buy"}
{"amount": 0.00029704, "date": 1672592379, "price": 88090, "tid": 14561613, "type": "buy"}
{"amount": 0.01000285, "date": 1672592407, "price": 88090, "tid": 14561614, "type": "buy"}
{"amount": 5.142e-05, "date": 1672592564, "price": 88090, "tid": 14561615, "type": "buy"}
{"amount": 0.0005676, "date": 1672592612, "price": 88090, "tid": 14561616, "type": "buy"}
{"amount": 0.00020861, "date": 1672592758, "price": 88090, "tid": 14561617, "type": "buy"}
{"amount": 0.00011352, "date": 1672592777, "price": 88090, "tid": 14561618, "type": "buy"}
{"amount": 5.676e-05, "date": 1672593004, "price": 88090, "tid": 14561619, "type": "buy"}
{"amount": 0.0014304, "date": 1672593012, "price": 88090, "tid": 14561620, "type": "buy"}
{"amount": 0.00015326, "date": 1672593012, "price": 88114.95, "tid": 14561621, "type": "buy"}
{"amount": 0.00408691, "date": 1672593012, "price": 88206.3, "tid": 14561622, "type": "buy"}
{"amount": 0.0116, "date": 1672593068, "price": 88077.7173, "tid": 14561623, "type": "sell"}
{"amount": 5.666e-05, "date": 1672593077, "price": 88241.08994, "tid": 14561624, "type": "buy"}
{"amount": 0.00084994, "date": 1672593349, "price": 88241.08994, "tid": 14561625, "type": "buy"}
{"amount": 0.02266517, "date": 1672593355, "price": 88241.08994, "tid": 14561626, "type": "buy"}
{"amount": 0.00114583, "date": 1672593511, "price": 88241.08994, "tid": 14561627, "type": "buy"}
{"amount": 0.00561019, "date": 1672593694, "price": 88241.08994, "tid": 14561628, "type": "buy"}
{"amount": 0.00027164, "date": 1672594328, "price": 88241.09, "tid": 14561629, "type": "buy"}
{"amount": 0.0023055, "date": 1672594381, "price": 88241.09, "tid": 14561630, "type": "buy"}
{"amount": 0.0141463, "date": 1672594381, "price": 88241.09, "tid": 14561631, "type": "buy"}
{"amount": 0.00027943, "date": 1672594381, "price": 88241.09, "tid": 14561632, "type": "buy"}
{"amount": 0.0258794, "date": 1672594381, "price": 88278.9, "tid": 14561633, "type": "buy"}
{"amount": 0.00120053, "date": 1672594447, "price": 88294.18995, "tid": 14561634, "type": "buy"}
{"amount": 0.00339773, "date": 1672594929, "price": 88294.19, "tid": 14561635, "type": "buy"}
{"amount": 0.00566288, "date": 1672594945, "price": 88294.19, "tid": 14561636, "type": "buy"}
{"amount": 0.00056628, "date": 1672595163, "price": 88294.19, "tid": 14561637, "type": "buy"}
{"amount": 0.00311464, "date": 1672595290, "price": 88294.19, "tid": 14561638, "type": "buy"}
{"amount": 0.00242483, "date": 1672595386, "price": 88294.19, "tid": 14561639, "type": "buy"}
{"amount": 0.0003445, "date": 1672595428, "price": 88213.42659126, "tid": 14561640, "type": "sell"}
{"amount": 0.00283364, "date": 1672595459, "price": 88294.19, "tid": 14561641, "type": "buy"}
{"amount": 0.0084954, "date": 1672595459, "price": 88327.29995, "tid": 14561642, "type": "buy"}
{"amount": 0.00194317, "date": 1672595798, "price": 88106.5937, "tid": 14561643, "type": "sell"}
{"amount": 0.00336283, "date": 1672595846, "price": 88327.29995, "tid": 14561644, "type": "buy"}
{"amount": 0.00011321, "date": 1672595920, "price": 88327.29995, "tid": 14561645, "type": "buy"}
{"amount": 0.0002509, "date": 1672596000, "price": 88124.36114702, "tid": 14561646, "type": "sell"}
{"amount": 0.0012, "date": 1672596037, "price": 88127.58311116, "tid": 14561647, "type": "sell"}
{"amount": 0.00458533, "date": 1672596137, "price": 88327.3, "tid": 14561648, "type": "buy"}
{"amount": 1.131e-05, "date": 1672596209, "price": 88350.6, "tid": 14561649, "type": "buy"}
{"amount": 0.00919, "date": 1672596284, "price": 88148.55942486, "tid": 14561650, "type": "sell"}
{"amount": 0.0001134, "date": 1672596351, "price": 88154.15660926, "tid": 14561651, "type": "sell"}
{"amount": 0.00038143, "date": 1672596473, "price": 88164.68974622, "tid": 14561652, "type": "sell"}
{"amount": 1e-05, "date": 1672596477, "price": 88350, "tid": 14561653, "type": "buy"}
{"amount": 0.00010282, "date": 1672596477, "price": 88365.59995, "tid": 14561654, "type": "buy"}
{"amount": 0.00139839, "date": 1672596479, "price": 88165.31909936, "tid": 14561655, "type": "sell"}
{"amount": 0.00146125, "date": 1672596511, "price": 88167.7130926, "tid": 14561656, "type": "sell"}
{"amount": 1e-05, "date": 1672596545, "price": 88350, "tid": 14561657, "type": "buy"}
{"amount": 8.057e-05, "date": 1672596545, "price": 88365.6, "tid": 14561658, "type": "buy"}
{"amount": 0.00056729, "date": 1672596551, "price": 88171.23810626, "tid": 14561659, "type": "sell"}
{"amount": 0.00056569, "date": 1672596658, "price": 88387.49988, "tid": 14561660, "type": "buy"}
{"amount": 0.00036537, "date": 1672596760, "price": 88387.49988, "tid": 14561661, "type": "buy"}
{"amount": 0.0010952, "date": 1672596823, "price": 88194.00541741, "tid": 14561662, "type": "sell"}
{"amount": 1.074e-05, "date": 1672597081, "price": 88387.49988, "tid": 14561663, "type": "buy"}
{"amount": 5.083e-05, "date": 1672597094, "price": 88216.49885372, "tid": 14561664, "type": "sell"}
{"amount": 0.0005568, "date": 1672597148, "price": 88220.81284, "tid": 14561665, "type": "sell"}
{"amount": 3.61e-05, "date": 1672597155, "price": 88387.49988, "tid": 14561666, "type": "buy"}
{"amount": 0.00555375, "date": 1672597197, "price": 88225.13649418, "tid": 14561667, "type": "sell"}
{"amount": 0.01549, "date": 1672597224, "price": 88386.2870231, "tid": 14561668, "type": "buy"}
{"amount": 0.0663667, "date": 1672597224, "price": 88386.43565, "tid": 14561669, "type": "buy"}
{"amount": 0.00030548, "date": 1672597308, "price": 88383.99794, "tid": 14561670, "type": "buy"}
{"amount": 0.00917823, "date": 1672597390, "price": 88177.34316117, "tid": 14561671, "type": "sell"}
{"amount": 0.0005411, "date": 1672597528, "price": 88188.0793961, "tid": 14561672, "type": "sell"}
{"amount": 0.00230199, "date": 1672597529, "price": 88371.87020758, "tid": 14561673, "type": "buy"}
{"amount": 0.0001109, "date": 1672597692, "price": 88369.34001, "tid": 14561674, "type": "buy"}
{"amount": 0.00013498, "date": 1672597956, "price": 88366.7409, "tid": 14561675, "type": "buy"}
{"amount": 0.00028291, "date": 1672598000, "price": 88366.54828, "tid": 14561676, "type": "buy"}
{"amount": 9.03e-05, "date": 1672598142, "price": 88364.10618, "tid": 14561677, "type": "buy"}
{"amount": 6.536e-05, "date": 1672598471, "price": 88208.59168, "tid": 14561678, "type": "sell"}
{"amount": 0.00048973, "date": 1672598527, "price": 88212.59708319, "tid": 14561679, "type": "sell"}
{"amount": 0.00041767, "date": 1672598534, "price": 88213.04659949, "tid": 14561680, "type": "sell"}
{"amount": 4.743e-05, "date": 1672598714, "price": 88350.00994, "tid": 14561681, "type": "buy"}
{"amount": 0.00918, "date": 1672598742, "price": 88181.48791896, "tid": 14561682, "type": "sell"}
{"amount": 0.029, "date": 1672598944, "price": 88199.99, "tid": 14561683, "type": "sell"}
{"amount": 0.0009999, "date": 1672598944, "price": 88187.52427059, "tid": 14561684, "type": "sell"}
{"amount": 0.00113209, "date": 1672598988, "price": 88331.96696158, "tid": 14561685, "type": "buy"}
{"amount": 0.00216298, "date": 1672599280, "price": 88144.84500633, "tid": 14561686, "type": "sell"}
{"amount": 0.01499, "date": 1672599281, "price": 88288.14004146, "tid": 14561687, "type": "buy"}
{"amount": 0.29082637, "date": 1672599281, "price": 88288.27989, "tid": 14561688, "type": "buy"}
{"amount": 5.663e-05, "date": 1672599354, "price": 88286.0372904, "tid": 14561689, "type": "buy"}
{"amount": 2.263e-05, "date": 1672599480, "price": 88280.45698, "tid": 14561690, "type": "buy"}
{"amount": 0.00022147, "date": 1672600000, "price": 88362.60409538, "tid": 14561691, "type": "buy"}
{"amount": 0.00011317, "date": 1672600054, "price": 88359.47441208, "tid": 14561692, "type": "buy"}
{"amount": 0.00055461, "date": 1672600072, "price": 88358.39647, "tid": 14561693, "type": "buy"}
{"amount": 0.0002662, "date": 1672600132, "price": 88215.2226949, "tid": 14561694, "type": "sell"}
{"amount": 0.00041781, "date": 1672600149, "price": 88215.99432702, "tid": 14561695, "type": "sell"}
{"amount": 0.0003056, "date": 1672600164, "price": 88353.83103226, "tid": 14561696, "type": "buy"}
{"amount": 0.0003599, "date": 1672600269, "price": 88137.17935891, "tid": 14561697, "type": "sell"}
{"amount": 0.00226409, "date": 1672600570, "price": 88335.70527, "tid": 14561698, "type": "buy"}
{"amount": 0.00112084, "date": 1672600621, "price": 88334.97959, "tid": 14561699, "type": "buy"}
{"amount": 0.01533, "date": 1672600733, "price": 88235.84527948, "tid": 14561700, "type": "sell"}
{"amount": 0.00849649, "date": 1672600733, "price": 88235.83408223, "tid": 14561701, "type": "sell"}
{"amount": 0.00018622, "date": 1672600776, "price": 88334.97959, "tid": 14561702, "type": "buy"}
{"amount": 0.00918813, "date": 1672601058, "price": 88240.57443079, "tid": 14561703, "type": "sell"}
{"amount": 0.01633, "date": 1672601069, "price": 88334.66296508, "tid": 14561704, "type": "buy"}
{"amount": 0.01533, "date": 1672601069, "price": 88334.84698878, "tid": 14561705, "type": "buy"}
{"amount": 0.02796563, "date": 1672601069, "price": 88334.97959, "tid": 14561706, "type": "buy"}
{"amount": 0.00560424, "date": 1672601168, "price": 88334.82627088, "tid": 14561707, "type": "buy"}
{"amount": 0.0001346, "date": 1672601192, "price": 88231.54019074, "tid": 14561708, "type": "sell"}
{"amount": 0.00109, "date": 1672601266, "price": 88232.4733767, "tid": 14561709, "type": "sell"}
{"amount": 0.00032625, "date": 1672601317, "price": 88334.91, "tid": 14561710, "type": "buy"}
{"amount": 0.00967375, "date": 1672601481, "price": 88334.91, "tid": 14561711, "type": "buy"}
{"amount": 0.08020293, "date": 1672601481, "price": 88394.14453, "tid": 14561712, "type": "buy"}
{"amount": 0.00036699, "date": 1672601510, "price": 88393.2412229, "tid": 14561713, "type": "buy"}
{"amount": 2.262e-05, "date": 1672601849, "price": 88378.76509, "tid": 14561714, "type": "buy"}
{"amount": 0.02262987, "date": 1672601892, "price": 88378.76509, "tid": 14561715, "type": "buy"}
{"amount": 0.00114315, "date": 1672601937, "price": 88270.06919449, "tid": 14561716, "type": "sell"}
{"amount": 0.00104665, "date": 1672602146, "price": 88378.60678, "tid": 14561717, "type": "buy"}
{"amount": 0.0019697, "date": 1672602170, "price": 88286.4507782, "tid": 14561718, "type": "sell"}
{"amount": 0.00392128, "date": 1672602433, "price": 88372.80837048, "tid": 14561719, "type": "buy"}
{"amount": 2.019e-05, "date": 1672602471, "price": 88371.53751012, "tid": 14561720, "type": "buy"}
{"amount": 0.00071292, "date": 1672602535, "price": 88368.70865878, "tid": 14561721, "type": "buy"}
{"amount": 0.01533, "date": 1672602544, "price": 88368.11442066, "tid": 14561722, "type": "buy"}
{"amount": 0.00995342, "date": 1672602544, "price": 88368.2377531, "tid": 14561723, "type": "buy"}
{"amount": 0.0113164, "date": 1672602574, "price": 88367.29667296, "tid": 14561724, "type": "buy"}
{"amount": 0.00700617, "date": 1672602575, "price": 88265, "tid": 14561725, "type": "sell"}
{"amount": 0.00217383, "date": 1672602575, "price": 88156.37132917, "tid": 14561726, "type": "sell"}
{"amount": 0.00371136, "date": 1672602688, "price": 88363.5993809, "tid": 14561727, "type": "buy"}
{"amount": 0.00027885, "date": 1672602760, "price": 88361.61436234, "tid": 14561728, "type": "buy"}
{"amount": 0.01533, "date": 1672602816, "price": 88359.52234192, "tid": 14561729, "type": "buy"}
{"amount": 0.01566, "date": 1672602816, "price": 88359.65956754, "tid": 14561730, "type": "buy"}
{"amount": 0.01454599, "date": 1672602816, "price": 88360.3454568, "tid": 14561731, "type": "buy"}
{"amount": 0.00035857, "date": 1672602834, "price": 88367.65351322, "tid": 14561732, "type": "buy"}
{"amount": 0.01516, "date": 1672603017, "price": 88359.36122978, "tid": 14561733, "type": "buy"}
{"amount": 0.00722802, "date": 1672603017, "price": 88374.29251, "tid": 14561734, "type": "buy"}
{"amount": 0.01599, "date": 1672603329, "price": 88197.33807943, "tid": 14561735, "type": "sell"}
{"amount": 0.01599, "date": 1672603329, "price": 88197.24025723, "tid": 14561736, "type": "sell"}
{"amount": 0.01616, "date": 1672603329, "price": 88195.72193636, "tid": 14561737, "type": "sell"}
{"amount": 0.01533, "date": 1672603329, "price": 88195.68955651, "tid": 14561738, "type": "sell"}
{"amount": 0.01516, "date": 1672603329, "price": 88195.65043299, "tid": 14561739, "type": "sell"}
{"amount": 0.00873983, "date": 1672603329, "price": 88195.53298505, "tid": 14561740, "type": "sell"}
{"amount": 0.00010185, "date": 1672603786, "price": 88359.31751468, "tid": 14561741, "type": "buy"}
{"amount": 0.00113173, "date": 1672603998, "price": 88359.99, "tid": 14561742, "type": "buy"}
{"amount": 1e-05, "date": 1672604290, "price": 88360, "tid": 14561743, "type": "buy"}
{"amount": 6.921e-05, "date": 1672604290, "price": 88369.55203738, "tid": 14561744, "type": "buy"}
{"amount": 0.01114729, "date": 1672604486, "price": 88361.76558264, "tid": 14561745, "type": "buy"}
{"amount": 0.00616539, "date": 1672604607, "price": 88140.79938316, "tid": 14561746, "type": "sell"}
{"amount": 0.0016411, "date": 1672604636, "price": 88143.18688169, "tid": 14561747, "type": "sell"}
{"amount": 0.00472795, "date": 1672604641, "price": 88143.51299, "tid": 14561748, "type": "sell"}
{"amount": 0.0001, "date": 1672604683, "price": 88300, "tid": 14561749, "type": "buy"}
{"amount": 1e-05, "date": 1672604683, "price": 88340, "tid": 14561750, "type": "buy"}
{"amount": 1e-05, "date": 1672604683, "price": 88360, "tid": 14561751, "type": "buy"}
{"amount": 1e-05, "date": 1672604683, "price": 88370, "tid": 14561752, "type": "buy"}
{"amount": 9.19e-05, "date": 1672604683, "price": 88370.77826002, "tid": 14561753, "type": "buy"}
{"amount": 0.00223, "date": 1672604715, "price": 88149.60900563, "tid": 14561754, "type": "sell"}
{"amount": 0.00027725, "date": 1672604741, "price": 88374.29251, "tid": 14561755, "type": "buy"}
{"amount": 0.00055451, "date": 1672604934, "price": 88374.29251, "tid": 14561756, "type": "buy"}
{"amount": 0.00784243, "date": 1672605057, "price": 88374.29251, "tid": 14561757, "type": "buy"}
{"amount": 0.00055451, "date": 1672605066, "price": 88374.29251, "tid": 14561758, "type": "buy"}
{"amount": 0.012103, "date": 1672605178, "price": 88190.09822891, "tid": 14561759, "type": "sell"}
{"amount": 0.00011417, "date": 1672605199, "price": 88374.29251, "tid": 14561760, "type": "buy"}
{"amount": 0.00011338, "date": 1672605283, "price": 88200.0279, "tid": 14561761, "type": "sell"}
{"amount": 5.487e-05, "date": 1672605462, "price": 88387.87995, "tid": 14561762, "type": "buy"}
{"amount": 0.00560088, "date": 1672605466, "price": 88387.87995, "tid": 14561763, "type": "buy"}
{"amount": 0.00060313, "date": 1672605630, "price": 88387.87995, "tid": 14561764, "type": "buy"}
{"amount": 0.00557433, "date": 1672605863, "price": 88387.87995, "tid": 14561765, "type": "buy"}
{"amount": 2.195e-05, "date": 1672606159, "price": 88373.90019814, "tid": 14561766, "type": "buy"}
{"amount": 0.00230892, "date": 1672606244, "price": 88148.31729586, "tid": 14561767, "type": "sell"}
{"amount": 0.00113154, "date": 1672606529, "price": 88374.89611978, "tid": 14561768, "type": "buy"}
{"amount": 0.00030002, "date": 1672606742, "price": 88365.5627428, "tid": 14561769, "type": "buy"}
{"amount": 0.0010872, "date": 1672606802, "price": 88199.46801655, "tid": 14561770, "type": "sell"}
{"amount": 0.00384737, "date": 1672606905, "price": 88374.551, "tid": 14561771, "type": "buy"}
{"amount": 0.00100518, "date": 1672606911, "price": 88209.15077462, "tid": 14561772, "type": "sell"}
{"amount": 4.4e-05, "date": 1672607332, "price": 88132.74906, "tid": 14561773, "type": "sell"}
{"amount": 1.69e-05, "date": 1672607424, "price": 88140.64322312, "tid": 14561774, "type": "sell"}
{"amount": 0.01131894, "date": 1672607616, "price": 88347.4217, "tid": 14561775, "type": "buy"}
{"amount": 0.00050006, "date": 1672607665, "price": 88160.93356109, "tid": 14561776, "type": "sell"}
{"amount": 0.00061856, "date": 1672607743, "price": 88167.98580565, "tid": 14561777, "type": "sell"}
{"amount": 0.01583, "date": 1672608008, "price": 88355.60064066, "tid": 14561778, "type": "buy"}
{"amount": 0.01566, "date": 1672608008, "price": 88355.7215357, "tid": 14561779, "type": "buy"}
{"amount": 0.05, "date": 1672608008, "price": 88355.84, "tid": 14561780, "type": "buy"}
{"amount": 0.01599, "date": 1672608008, "price": 88357.34737728, "tid": 14561781, "type": "buy"}
{"amount": 0.0892627, "date": 1672608008, "price": 88357.77856, "tid": 14561782, "type": "buy"}
{"amount": 0.00011317, "date": 1672608037, "price": 88357.7686, "tid": 14561783, "type": "buy"}
{"amount": 0.00565881, "date": 1672608212, "price": 88357.7686, "tid": 14561784, "type": "buy"}
{"amount": 0.00224113, "date": 1672608306, "price": 88357.2073, "tid": 14561785, "type": "buy"}
{"amount": 2.987e-05, "date": 1672608507, "price": 88216.55513943, "tid": 14561786, "type": "sell"}
{"amount": 0.00141472, "date": 1672608606, "price": 88356.6217, "tid": 14561787, "type": "buy"}
{"amount": 0.00106106, "date": 1672608719, "price": 88354.4913, "tid": 14561788, "type": "buy"}
{"amount": 0.00113176, "date": 1672608766, "price": 88357.20182004, "tid": 14561789, "type": "buy"}
{"amount": 0.00045271, "date": 1672609034, "price": 88355.5982, "tid": 14561790, "type": "buy"}
{"amount": 2.24e-05, "date": 1672609082, "price": 88177.08825312, "tid": 14561791, "type": "sell"}
{"amount": 8.443e-05, "date": 1672609199, "price": 88356.3595, "tid": 14561792, "type": "buy"}
{"amount": 0.01566, "date": 1672609441, "price": 88183.59259896, "tid": 14561793, "type": "sell"}
{"amount": 0.0039764, "date": 1672609441, "price": 88183.53390564, "tid": 14561794, "type": "sell"}
{"amount": 0.00015696, "date": 1672609459, "price": 88183.95806475, "tid": 14561795, "type": "sell"}
{"amount": 0.00735588, "date": 1672609472, "price": 88356.4899, "tid": 14561796, "type": "buy"}
{"amount": 0.00560292, "date": 1672609558, "price": 88355.66206282, "tid": 14561797, "type": "buy"}
{"amount": 0.01516, "date": 1672609665, "price": 88357.46607866, "tid": 14561798, "type": "buy"}
{"amount": 0.01633, "date": 1672609665, "price": 88357.59846282, "tid": 14561799, "type": "buy"}
{"amount": 0.01943132, "date": 1672609665, "price": 88357.77856, "tid": 14561800, "type": "buy"}
{"amount": 0.00566631, "date": 1672609665, "price": 88366.52823014, "tid": 14561801, "type": "buy"}
{"amount": 0.00018014, "date": 1672609824, "price": 88357.28664, "tid": 14561802, "type": "buy"}
{"amount": 0.0005765, "date": 1672609930, "price": 88184.39, "tid": 14561803, "type": "sell"}
{"amount": 0.00102898, "date": 1672609930, "price": 88149.76273, "tid": 14561804, "type": "sell"}
{"amount": 0.01516, "date": 1672610029, "price": 88159.64193195, "tid": 14561805, "type": "sell"}
{"amount": 0.00309, "date": 1672610029, "price": 88159.58178105, "tid": 14561806, "type": "sell"}
{"amount": 0.00330534, "date": 1672610401, "price": 88207.03, "tid": 14561807, "type": "sell"}
{"amount": 0.00679426, "date": 1672610433, "price": 88356.8774, "tid": 14561808, "type": "buy"}
{"amount": 0.0037773, "date": 1672610444, "price": 88207.03, "tid": 14561809, "type": "sell"}
{"amount": 0.00113185, "date": 1672610467, "price": 88356.87734, "tid": 14561810, "type": "buy"}
{"amount": 7.363e-05, "date": 1672610499, "price": 88207.03, "tid": 14561811, "type": "sell"}
{"amount": 0.00022516, "date": 1672610538, "price": 88207.03, "tid": 14561812, "type": "sell"}
{"amount": 0.00250665, "date": 1672610652, "price": 88356.7463, "tid": 14561813, "type": "buy"}
{"amount": 0.01616, "date": 1672610657, "price": 88213.48839626, "tid": 14561814, "type": "sell"}
{"amount": 0.01549, "date": 1672610657, "price": 88213.20841979, "tid": 14561815, "type": "sell"}
{"amount": 0.01345, "date": 1672610657, "price": 88213.04142332, "tid": 14561816, "type": "sell"}
{"amount": 0.00056687, "date": 1672610821, "price": 88207.82142305, "tid": 14561817, "type": "sell"}
{"amount": 0.05, "date": 1672610857, "price": 88355.5135, "tid": 14561818, "type": "buy"}
{"amount": 0.01499, "date": 1672610857, "price": 88355.52346186, "tid": 14561819, "type": "buy"}
{"amount": 0.0044659, "date": 1672610857, "price": 88356.75634, "tid": 14561820, "type": "buy"}
{"amount": 0.01, "date": 1672610857, "price": 88356.78, "tid": 14561821, "type": "buy"}
{"amount": 3.335e-05, "date": 1672610857, "price": 88356.9379, "tid": 14561822, "type": "buy"}
{"amount": 0.01633, "date": 1672610857, "price": 88369.17963386, "tid": 14561823, "type": "buy"}
{"amount": 0.01599, "date": 1672610857, "price": 88370.12973238, "tid": 14561824, "type": "buy"}
{"amount": 0.00136425, "date": 1672610857, "price": 88371.04790096, "tid": 14561825, "type": "buy"}
{"amount": 0.01123696, "date": 1672610874, "price": 88369.02104, "tid": 14561826, "type": "buy"}
{"amount": 0.00295063, "date": 1672610910, "price": 88368.97065, "tid": 14561827, "type": "buy"}
{"amount": 0.00039584, "date": 1672610914, "price": 88368.96064, "tid": 14561828, "type": "buy"}
{"amount": 0.00045264, "date": 1672610994, "price": 88368.84974, "tid": 14561829, "type": "buy"}
{"amount": 0.00022632, "date": 1672611051, "price": 88369.03114, "tid": 14561830, "type": "buy"}
{"amount": 5.214e-05, "date": 1672611298, "price": 88368.92, "tid": 14561831, "type": "buy"}
{"amount": 9.186e-05, "date": 1672611361, "price": 88207.03, "tid": 14561832, "type": "sell"}
{"amount": 0.000101, "date": 1672611415, "price": 88207.03, "tid": 14561833, "type": "sell"}
{"amount": 6.63e-05, "date": 1672611499, "price": 88368.93004, "tid": 14561834, "type": "buy"}
{"amount": 1.449e-05, "date": 1672611695, "price": 88283.6783, "tid": 14561835, "type": "buy"}
{"amount": 0.00343316, "date": 1672611711, "price": 88207.03, "tid": 14561836, "type": "sell"}
{"amount": 0.00500884, "date": 1672611798, "price": 88207.03, "tid": 14561837, "type": "sell"}
{"amount": 0.01499, "date": 1672611798, "price": 88145.30490822, "tid": 14561838, "type": "sell"}
{"amount": 0.01633, "date": 1672611798, "price": 88145.19386683, "tid": 14561839, "type": "sell"}
{"amount": 0.01882887, "date": 1672611798, "price": 88145.15621388, "tid": 14561840, "type": "sell"}
{"amount": 2.594e-05, "date": 1672612250, "price": 88274.9988755, "tid": 14561841, "type": "buy"}
{"amount": 1.648e-05, "date": 1672612364, "price": 88272.19962244, "tid": 14561842, "type": "buy"}
{"amount": 0.00450594, "date": 1672612611, "price": 88143.97704456, "tid": 14561843, "type": "sell"}
{"amount": 0.00792898, "date": 1672613106, "price": 88283.6783, "tid": 14561844, "type": "buy"}
{"amount": 0.00014887, "date": 1672613161, "price": 88283.68828, "tid": 14561845, "type": "buy"}
{"amount": 0.00113271, "date": 1672613227, "price": 88283.6783, "tid": 14561846, "type": "buy"}
{"amount": 4.76e-05, "date": 1672613246, "price": 88281.14, "tid": 14561847, "type": "sell"}
{"amount": 0.00017894, "date": 1672613257, "price": 88281.14, "tid": 14561848, "type": "sell"}
{"amount": 0.01516, "date": 1672613257, "price": 88150.15382426, "tid": 14561849, "type": "sell"}
{"amount": 0.01019933, "date": 1672613257, "price": 88150.13194795, "tid": 14561850, "type": "sell"}
{"amount": 0.0004, "date": 1672613336, "price": 88155.45501602, "tid": 14561851, "type": "sell"}
{"amount": 0.00014078, "date": 1672613435, "price": 88161.22589721, "tid": 14561852, "type": "sell"}
{"amount": 0.00112149, "date": 1672613538, "price": 88283.6783, "tid": 14561853, "type": "buy"}
{"amount": 0.00223436, "date": 1672613736, "price": 88280.0214, "tid": 14561854, "type": "buy"}
{"amount": 0.00621481, "date": 1672613816, "price": 88146.07264664, "tid": 14561855, "type": "sell"}
{"amount": 6.429e-05, "date": 1672613838, "price": 88147.33152519, "tid": 14561856, "type": "sell"}
{"amount": 0.00114617, "date": 1672613842, "price": 88147.64525496, "tid": 14561857, "type": "sell"}
{"amount": 0.00014153, "date": 1672613845, "price": 88147.76846435, "tid": 14561858, "type": "sell"}
{"amount": 4.814e-05, "date": 1672613911, "price": 88273.14610604, "tid": 14561859, "type": "buy"}
{"amount": 8.802e-05, "date": 1672614017, "price": 88273.73116404, "tid": 14561860, "type": "buy"}
{"amount": 0.00112169, "date": 1672614158, "price": 88267.926, "tid": 14561861, "type": "buy"}
{"amount": 3.172e-05, "date": 1672614210, "price": 88266.2801, "tid": 14561862, "type": "buy"}
{"amount": 0.0001133, "date": 1672614373, "price": 88259.97525568, "tid": 14561863, "type": "buy"}
{"amount": 4.871e-05, "date": 1672614426, "price": 88269.2351325, "tid": 14561864, "type": "buy"}
{"amount": 0.00285689, "date": 1672614480, "price": 88283.68828, "tid": 14561865, "type": "buy"}
{"amount": 0.00176187, "date": 1672614480, "price": 88328.15528804, "tid": 14561866, "type": "buy"}
{"amount": 0.00070733, "date": 1672614629, "price": 88149.80602988, "tid": 14561867, "type": "sell"}
{"amount": 1.461e-05, "date": 1672614910, "price": 88281.07178, "tid": 14561868, "type": "buy"}
{"amount": 0.00536635, "date": 1672614913, "price": 88179.84441318, "tid": 14561869, "type": "sell"}
{"amount": 0.0011337, "date": 1672614998, "price": 88186.53762546, "tid": 14561870, "type": "sell"}
{"amount": 0.00022654, "date": 1672615022, "price": 88281.07178, "tid": 14561871, "type": "buy"}
{"amount": 1.45e-05, "date": 1672615052, "price": 88190.76244692, "tid": 14561872, "type": "sell"}
{"amount": 0.00013322, "date": 1672615105, "price": 88281.07178, "tid": 14561873, "type": "buy"}
{"amount": 0.00022104, "date": 1672615118, "price": 88281.07178, "tid": 14561874, "type": "buy"}
{"amount": 9.764e-05, "date": 1672615179, "price": 88281.07178, "tid": 14561875, "type": "buy"}
{"amount": 0.0005551, "date": 1672615203, "price": 88281.07178, "tid": 14561876, "type": "buy"}
{"amount": 7.328e-05, "date": 1672615228, "price": 88281.07178, "tid": 14561877, "type": "buy"}
{"amount": 5.493e-05, "date": 1672615255, "price": 88281.07178, "tid": 14561878, "type": "buy"}
{"amount": 4.123e-05, "date": 1672615275, "price": 88281.07178, "tid": 14561879, "type": "buy"}
{"amount": 3.092e-05, "date": 1672615294, "price": 88281.07178, "tid": 14561880, "type": "buy"}
{"amount": 0.00574603, "date": 1672615350, "price": 88194.44113142, "tid": 14561881, "type": "sell"}
{"amount": 0.00560768, "date": 1672615369, "price": 88280.69874, "tid": 14561882, "type": "buy"}
{"amount": 0.0001654, "date": 1672615725, "price": 88267.6949, "tid": 14561883, "type": "buy"}
{"amount": 5.495e-05, "date": 1672615743, "price": 88266.96422024, "tid": 14561884, "type": "buy"}
{"amount": 0.0004312, "date": 1672615827, "price": 88264.12274026, "tid": 14561885, "type": "buy"}
{"amount": 0.000214, "date": 1672615841, "price": 88158.671, "tid": 14561886, "type": "sell"}
{"amount": 0.0003018, "date": 1672615841, "price": 88129.7270881, "tid": 14561887, "type": "sell"}
{"amount": 6.221e-05, "date": 1672615849, "price": 88130.31728204, "tid": 14561888, "type": "sell"}
{"amount": 0.00455, "date": 1672615859, "price": 88130.87486858, "tid": 14561889, "type": "sell"}
{"amount": 3.002e-05, "date": 1672615879, "price": 88261.93077536, "tid": 14561890, "type": "buy"}
{"amount": 0.00025789, "date": 1672616115, "price": 88254.4541234, "tid": 14561891, "type": "buy"}
{"amount": 0.01358424, "date": 1672616123, "price": 88143.99013252, "tid": 14561892, "type": "sell"}
{"amount": 0.00021414, "date": 1672616167, "price": 88144.15458582, "tid": 14561893, "type": "sell"}
{"amount": 0.00029317, "date": 1672616178, "price": 88144.53283166, "tid": 14561894, "type": "sell"}
{"amount": 0.00124804, "date": 1672616187, "price": 88328.17875548, "tid": 14561895, "type": "buy"}
{"amount": 0.00033964, "date": 1672616201, "price": 88327.26596, "tid": 14561896, "type": "buy"}
{"amount": 0.0006628, "date": 1672616275, "price": 88149.90606536, "tid": 14561897, "type": "sell"}
{"amount": 0.00016104, "date": 1672616328, "price": 88144.28183592, "tid": 14561898, "type": "sell"}
{"amount": 2.196e-05, "date": 1672616353, "price": 88317.19436524, "tid": 14561899, "type": "buy"}
{"amount": 2.371e-05, "date": 1672616554, "price": 88127.58, "tid": 14561900, "type": "sell"}
{"amount": 0.01566, "date": 1672616554, "price": 88085.08300188, "tid": 14561901, "type": "sell"}
{"amount": 0.00821806, "date": 1672616554, "price": 88084.96315232, "tid": 14561902, "type": "sell"}
{"amount": 0.01583, "date": 1672616593, "price": 88087.80673499, "tid": 14561903, "type": "sell"}
{"amount": 0.01533, "date": 1672616593, "price": 88087.77133267, "tid": 14561904, "type": "sell"}
{"amount": 0.00872, "date": 1672616593, "price": 88087.67351047, "tid": 14561905, "type": "sell"}
{"amount": 0.00226519, "date": 1672616747, "price": 88292.69861382, "tid": 14561906, "type": "buy"}
{"amount": 3.15e-05, "date": 1672616791, "price": 88099.71877833, "tid": 14561907, "type": "sell"}
{"amount": 4.157e-05, "date": 1672616965, "price": 88278.30759886, "tid": 14561908, "type": "buy"}
{"amount": 0.00042819, "date": 1672617390, "price": 88098.30033225, "tid": 14561909, "type": "sell"}
{"amount": 9.761e-05, "date": 1672617417, "price": 88248.77914984, "tid": 14561910, "type": "buy"}
{"amount": 0.015, "date": 1672617418, "price": 88248.77914984, "tid": 14561911, "type": "buy"}
{"amount": 0.3449, "date": 1672617434, "price": 88249.93449, "tid": 14561912, "type": "buy"}
{"amount": 0.00057743, "date": 1672617460, "price": 88103.66486872, "tid": 14561913, "type": "sell"}
{"amount": 0.00921784, "date": 1672617595, "price": 88113.32748883, "tid": 14561914, "type": "sell"}
{"amount": 8.09e-06, "date": 1672617653, "price": 88249.93449, "tid": 14561915, "type": "buy"}
{"amount": 0.00032704, "date": 1672617653, "price": 88321.6000881, "tid": 14561916, "type": "buy"}
{"amount": 0.00821021, "date": 1672617766, "price": 88125.73931026, "tid": 14561917, "type": "sell"}
{"amount": 0.01349254, "date": 1672617784, "price": 88315.46793726, "tid": 14561918, "type": "buy"}
{"amount": 6.589e-05, "date": 1672617862, "price": 88325.54288272, "tid": 14561919, "type": "buy"}
{"amount": 0.00247376, "date": 1672617902, "price": 88323.02556938, "tid": 14561920, "type": "buy"}
{"amount": 0.01501565, "date": 1672618048, "price": 88315.304, "tid": 14561921, "type": "buy"}
{"amount": 0.00936816, "date": 1672618127, "price": 88326.82160512, "tid": 14561922, "type": "buy"}
{"amount": 0.00016622, "date": 1672618129, "price": 88326.70607236, "tid": 14561923, "type": "buy"}
{"amount": 0.000453, "date": 1672618158, "price": 88299.4742395, "tid": 14561924, "type": "buy"}
{"amount": 2e-05, "date": 1672618207, "price": 88160, "tid": 14561925, "type": "sell"}
{"amount": 0.00700004, "date": 1672618207, "price": 88155.47795411, "tid": 14561926, "type": "sell"}
{"amount": 0.0001083, "date": 1672618388, "price": 88161.92557249, "tid": 14561927, "type": "sell"}
{"amount": 5.427e-05, "date": 1672618522, "price": 88299.53371206, "tid": 14561928, "type": "buy"}
{"amount": 0.05152851, "date": 1672618623, "price": 88159.58021876, "tid": 14561929, "type": "sell"}
{"amount": 0.00012074, "date": 1672618646, "price": 88159.59608155, "tid": 14561930, "type": "sell"}
{"amount": 5.232e-05, "date": 1672618654, "price": 88294.51266122, "tid": 14561931, "type": "buy"}
{"amount": 0.0361, "date": 1672618687, "price": 88159.63371433, "tid": 14561932, "type": "sell"}
{"amount": 5.341e-05, "date": 1672618867, "price": 88159.73787828, "tid": 14561933, "type": "sell"}
{"amount": 0.00053927, "date": 1672618893, "price": 88159.75918271, "tid": 14561934, "type": "sell"}
{"amount": 0.00011325, "date": 1672619023, "price": 88296.57646294, "tid": 14561935, "type": "buy"}
{"amount": 0.00056629, "date": 1672619098, "price": 88293.05390592, "tid": 14561936, "type": "buy"}
{"amount": 2e-05, "date": 1672619323, "price": 88150, "tid": 14561937, "type": "sell"}
{"amount": 0.00045318, "date": 1672619323, "price": 88125.02459707, "tid": 14561938, "type": "sell"}
{"amount": 0.00010802, "date": 1672619371, "price": 88274.21526936, "tid": 14561939, "type": "buy"}
{"amount": 0.00012768, "date": 1672619416, "price": 88271.48727194, "tid": 14561940, "type": "buy"}
{"amount": 0.00056644, "date": 1672619449, "price": 88269.2980586, "tid": 14561941, "type": "buy"}
{"amount": 0.0001035, "date": 1672619453, "price": 88125.00536707, "tid": 14561942, "type": "sell"}
{"amount": 0.00020164, "date": 1672619467, "price": 88268.21893454, "tid": 14561943, "type": "buy"}
{"amount": 1.606e-05, "date": 1672619595, "price": 88125.04334007, "tid": 14561944, "type": "sell"}
{"amount": 8.866e-05, "date": 1672619624, "price": 88125.06858553, "tid": 14561945, "type": "sell"}
{"amount": 5.495e-05, "date": 1672619870, "price": 88261.85713842, "tid": 14561946, "type": "buy"}
{"amount": 0.00113296, "date": 1672620309, "price": 88264.2176427, "tid": 14561947, "type": "buy"}
{"amount": 0.00012247, "date": 1672620337, "price": 88263.02499806, "tid": 14561948, "type": "buy"}
{"amount": 0.00107751, "date": 1672620583, "price": 88267.23796812, "tid": 14561949, "type": "buy"}
{"amount": 0.00049332, "date": 1672620720, "price": 88258.85353242, "tid": 14561950, "type": "buy"}
{"amount": 0.00906405, "date": 1672620957, "price": 88260.75994204, "tid": 14561951, "type": "buy"}
{"amount": 0.009, "date": 1672621135, "price": 88125.00003, "tid": 14561952, "type": "sell"}
{"amount": 0.00131561, "date": 1672621136, "price": 88263.0171, "tid": 14561953, "type": "buy"}
{"amount": 0.00056651, "date": 1672621239, "price": 88258.94675736, "tid": 14561954, "type": "buy"}
{"amount": 1.122e-05, "date": 1672621270, "price": 88125.00001, "tid": 14561955, "type": "sell"}
{"amount": 0.00103494, "date": 1672621363, "price": 88125.00001, "tid": 14561956, "type": "sell"}
{"amount": 3.209e-05, "date": 1672621364, "price": 88125.00001, "tid": 14561957, "type": "sell"}
{"amount": 2.551e-05, "date": 1672621522, "price": 88177.59763028, "tid": 14561958, "type": "buy"}
{"amount": 0.0001134, "date": 1672621529, "price": 88177.25931916, "tid": 14561959, "type": "buy"}
{"amount": 5.67e-05, "date": 1672621531, "price": 88177.01606664, "tid": 14561960, "type": "buy"}
{"amount": 0.04909022, "date": 1672621570, "price": 88125, "tid": 14561961, "type": "sell"}
{"amount": 0.10090978, "date": 1672621575, "price": 88125, "tid": 14561962, "type": "sell"}
{"amount": 0.15786673, "date": 1672621583, "price": 88125, "tid": 14561963, "type": "sell"}
{"amount": 0.0001656, "date": 1672621595, "price": 88125, "tid": 14561964, "type": "sell"}
{"amount": 0.04822954, "date": 1672621600, "price": 88125.00001, "tid": 14561965, "type": "sell"}
{"amount": 0.0405397, "date": 1672621602, "price": 88125.00001, "tid": 14561966, "type": "sell"}
{"amount": 0.0019057, "date": 1672621607, "price": 88125.00002, "tid": 14561967, "type": "sell"}
{"amount": 0.0014603, "date": 1672621615, "price": 88125, "tid": 14561968, "type": "sell"}
{"amount": 0.01408159, "date": 1672621628, "price": 88125.00005, "tid": 14561969, "type": "sell"}
{"amount": 0.04995, "date": 1672621645, "price": 88125.00009, "tid": 14561970, "type": "sell"}
{"amount": 0.051878, "date": 1672621653, "price": 88125.00011, "tid": 14561971, "type": "sell"}
{"amount": 0.05, "date": 1672621670, "price": 88125.00001, "tid": 14561972, "type": "sell"}
{"amount": 0.05857, "date": 1672621678, "price": 88125.00004, "tid": 14561973, "type": "sell"}
{"amount": 0.033189, "date": 1672621682, "price": 88125, "tid": 14561974, "type": "sell"}
{"amount": 0.026871, "date": 1672621683, "price": 88125.00005, "tid": 14561975, "type": "sell"}
{"amount": 0.006318, "date": 1672621687, "price": 88125.00006, "tid": 14561976, "type": "sell"}
{"amount": 0.10857, "date": 1672621689, "price": 88125.00006, "tid": 14561977, "type": "sell"}
{"amount": 0.06121, "date": 1672621697, "price": 88125.00008, "tid": 14561978, "type": "sell"}
{"amount": 0.04736, "date": 1672621701, "price": 88125.00009, "tid": 14561979, "type": "sell"}
{"amount": 0.10857, "date": 1672621709, "price": 88125, "tid": 14561980, "type": "sell"}
{"amount": 0.00010784, "date": 1672621813, "price": 88153.8994498, "tid": 14561981, "type": "buy"}
{"amount": 0.0004542, "date": 1672621846, "price": 88077.12, "tid": 14561982, "type": "sell"}
{"amount": 0.00074493, "date": 1672621846, "price": 88063.67, "tid": 14561983, "type": "sell"}
{"amount": 1.644e-05, "date": 1672621944, "price": 88146.6451783, "tid": 14561984, "type": "buy"}
{"amount": 0.0001, "date": 1672622250, "price": 88128.3209, "tid": 14561985, "type": "buy"}
{"amount": 0.00910487, "date": 1672622277, "price": 88063.67, "tid": 14561986, "type": "sell"}
{"amount": 0.01616, "date": 1672622849, "price": 88094.3707513, "tid": 14561987, "type": "buy"}
{"amount": 0.01, "date": 1672622849, "price": 88096.0853, "tid": 14561988, "type": "buy"}
{"amount": 0.01599, "date": 1672622849, "price": 88096.13279488, "tid": 14561989, "type": "buy"}
{"amount": 0.06015, "date": 1672622849, "price": 88109.49267, "tid": 14561990, "type": "buy"}
{"amount": 1.134e-05, "date": 1672623068, "price": 88108.20533434, "tid": 14561991, "type": "buy"}
{"amount": 0.00016943, "date": 1672623202, "price": 88063.67, "tid": 14561992, "type": "sell"}
{"amount": 0.00055618, "date": 1672623606, "price": 88108.9, "tid": 14561993, "type": "buy"}
{"amount": 2.564e-05, "date": 1672623705, "price": 88123.6, "tid": 14561994, "type": "buy"}
{"amount": 0.00219107, "date": 1672623724, "price": 88120.89, "tid": 14561995, "type": "buy"}
{"amount": 0.01599, "date": 1672623822, "price": 88118.85135864, "tid": 14561996, "type": "buy"}
{"amount": 0.01549, "date": 1672623822, "price": 88118.96031042, "tid": 14561997, "type": "buy"}
{"amount": 0.597, "date": 1672623822, "price": 88120.9, "tid": 14561998, "type": "buy"}
{"amount": 0.01549, "date": 1672623822, "price": 88205.99698868, "tid": 14561999, "type": "buy"}
{"amount": 0.01499, "date": 1672623822, "price": 88206.13202064, "tid": 14562000, "type": "buy"}
{"amount": 0.01499, "date": 1672623822, "price": 88206.16297562, "tid": 14562001, "type": "buy"}
{"amount": 0.01566, "date": 1672623822, "price": 88206.19051824, "tid": 14562002, "type": "buy"}
{"amount": 0.01549, "date": 1672623822, "price": 88206.23561014, "tid": 14562003, "type": "buy"}
{"amount": 0.01566, "date": 1672623822, "price": 88206.25559682, "tid": 14562004, "type": "buy"}
{"amount": 0.00542109, "date": 1672623822, "price": 88206.2633965, "tid": 14562005, "type": "buy"}
{"amount": 0.00012476, "date": 1672624057, "price": 88167.89, "tid": 14562006, "type": "buy"}
{"amount": 0.00133619, "date": 1672624070, "price": 88063.67, "tid": 14562007, "type": "sell"}
{"amount": 0.0004651, "date": 1672624070, "price": 88040, "tid": 14562008, "type": "sell"}
{"amount": 0.01616, "date": 1672624070, "price": 88015.7168304, "tid": 14562009, "type": "sell"}
{"amount": 0.30502871, "date": 1672624070, "price": 88015.69906, "tid": 14562010, "type": "sell"}
{"amount": 0.00170583, "date": 1672624089, "price": 88167.8799, "tid": 14562011, "type": "buy"}
{"amount": 2.56e-05, "date": 1672624129, "price": 88019.48310188, "tid": 14562012, "type": "sell"}
{"amount": 0.00016521, "date": 1672624148, "price": 88019.85704113, "tid": 14562013, "type": "sell"}
{"amount": 0.00648516, "date": 1672624162, "price": 88020.2872259, "tid": 14562014, "type": "sell"}
{"amount": 1.134e-05, "date": 1672624198, "price": 88167.6883, "tid": 14562015, "type": "buy"}
{"amount": 2.25e-05, "date": 1672624241, "price": 88012.37670869, "tid": 14562016, "type": "sell"}
{"amount": 1.134e-05, "date": 1672624503, "price": 88167.6883, "tid": 14562017, "type": "buy"}
{"amount": 0.00208903, "date": 1672624521, "price": 88012.37670869, "tid": 14562018, "type": "sell"}
{"amount": 0.00091384, "date": 1672624590, "price": 88012.65552081, "tid": 14562019, "type": "sell"}
{"amount": 0.00048616, "date": 1672624657, "price": 88012.37670869, "tid": 14562020, "type": "sell"}
{"amount": 2.064e-05, "date": 1672624726, "price": 88167.6883, "tid": 14562021, "type": "buy"}
{"amount": 0.0011342, "date": 1672624738, "price": 88167.69825, "tid": 14562022, "type": "buy"}
{"amount": 0.008911, "date": 1672625060, "price": 88012.37670869, "tid": 14562023, "type": "sell"}
{"amount": 0.04684255, "date": 1672625062, "price": 88079.09995, "tid": 14562024, "type": "buy"}
{"amount": 0.0011241, "date": 1672625305, "price": 88079.09995, "tid": 14562025, "type": "buy"}
{"amount": 0.002441, "date": 1672625322, "price": 88012.37670869, "tid": 14562026, "type": "sell"}
{"amount": 0.00011127, "date": 1672625346, "price": 88079.09995, "tid": 14562027, "type": "buy"}
{"amount": 2.123e-05, "date": 1672625434, "price": 88079.09995, "tid": 14562028, "type": "buy"}
{"amount": 0.0003406, "date": 1672625489, "price": 88079.09995, "tid": 14562029, "type": "buy"}
{"amount": 0.0002534, "date": 1672625595, "price": 88079.09995, "tid": 14562030, "type": "buy"}
{"amount": 2.8e-05, "date": 1672625605, "price": 88012.37670869, "tid": 14562031, "type": "sell"}
{"amount": 0.0045448, "date": 1672625780, "price": 88025.19588919, "tid": 14562032, "type": "sell"}
{"amount": 0.00928, "date": 1672625786, "price": 88025.85781941, "tid": 14562033, "type": "sell"}
{"amount": 0.00056767, "date": 1672625890, "price": 88079.09995, "tid": 14562034, "type": "buy"}
{"amount": 0.00219525, "date": 1672625988, "price": 88012.38, "tid": 14562035, "type": "sell"}
{"amount": 0.00050404, "date": 1672625988, "price": 88012.37670869, "tid": 14562036, "type": "sell"}
{"amount": 0.00066808, "date": 1672626029, "price": 88012.37670869, "tid": 14562037, "type": "sell"}
{"amount": 0.00022706, "date": 1672626064, "price": 88079.09995, "tid": 14562038, "type": "buy"}
{"amount": 0.00051019, "date": 1672626101, "price": 88012.37670869, "tid": 14562039, "type": "sell"}
{"amount": 0.002, "date": 1672626101, "price": 88012.37, "tid": 14562040, "type": "sell"}
{"amount": 0.00814981, "date": 1672626101, "price": 88008.43394193, "tid": 14562041, "type": "sell"}
{"amount": 0.009725, "date": 1672626248, "price": 88008.43, "tid": 14562042, "type": "buy"}
{"amount": 0.01014691, "date": 1672626464, "price": 88008.43324299, "tid": 14562043, "type": "sell"}
{"amount": 0.0001534, "date": 1672626471, "price": 88008.43324299, "tid": 14562044, "type": "sell"}
{"amount": 0.00056768, "date": 1672626570, "price": 88077.5944, "tid": 14562045, "type": "buy"}
{"amount": 0.00132977, "date": 1672626817, "price": 88075.18736912, "tid": 14562046, "type": "buy"}
{"amount": 0.00113541, "date": 1672626883, "price": 88073.43239058, "tid": 14562047, "type": "buy"}
{"amount": 1.703e-05, "date": 1672626997, "price": 88070.9995, "tid": 14562048, "type": "buy"}
{"amount": 5.412e-05, "date": 1672627081, "price": 88000, "tid": 14562049, "type": "sell"}
{"amount": 0.00055644, "date": 1672627250, "price": 88067.98003778, "tid": 14562050, "type": "buy"}
{"amount": 0.00055647, "date": 1672627409, "price": 88063.57847646, "tid": 14562051, "type": "buy"}
{"amount": 9.595e-05, "date": 1672627499, "price": 88061.46961926, "tid": 14562052, "type": "buy"}
{"amount": 0.00194588, "date": 1672627626, "price": 88000, "tid": 14562053, "type": "sell"}
{"amount": 0.00011369, "date": 1672627626, "price": 88000, "tid": 14562054, "type": "sell"}
{"amount": 0.000175, "date": 1672627626, "price": 88000, "tid": 14562055, "type": "sell"}
{"amount": 0.0002557, "date": 1672627626, "price": 88000, "tid": 14562056, "type": "sell"}
{"amount": 0.00458293, "date": 1672627764, "price": 88000, "tid": 14562057, "type": "sell"}
{"amount": 0.01599, "date": 1672627764, "price": 87973.29952513, "tid": 14562058, "type": "sell"}
{"amount": 0.01599, "date": 1672627764, "price": 87968.37324627, "tid": 14562059, "type": "sell"}
{"amount": 0.01533, "date": 1672627764, "price": 87967.31386306, "tid": 14562060, "type": "sell"}
{"amount": 0.27109707, "date": 1672627764, "price": 87963.84217, "tid": 14562061, "type": "sell"}
{"amount": 0.00144825, "date": 1672628249, "price": 87999.63144031, "tid": 14562062, "type": "sell"}
{"amount": 0.01549, "date": 1672628291, "price": 88003.05847805, "tid": 14562063, "type": "sell"}
{"amount": 0.01566, "date": 1672628291, "price": 88002.87238296, "tid": 14562064, "type": "sell"}
{"amount": 0.01533, "date": 1672628291, "price": 88002.82728113, "tid": 14562065, "type": "sell"}
{"amount": 0.01616, "date": 1672628291, "price": 88002.31439452, "tid": 14562066, "type": "sell"}
{"amount": 0.16473714, "date": 1672628291, "price": 87992.16264175, "tid": 14562067, "type": "sell"}
{"amount": 0.00403069, "date": 1672628356, "price": 88006.66049512, "tid": 14562068, "type": "sell"}
{"amount": 0.00039878, "date": 1672628374, "price": 88068.32062, "tid": 14562069, "type": "buy"}
{"amount": 0.00084353, "date": 1672628431, "price": 87997.1481303, "tid": 14562070, "type": "sell"}
{"amount": 2.27e-05, "date": 1672628435, "price": 88068.32062, "tid": 14562071, "type": "buy"}
{"amount": 0.00100159, "date": 1672628437, "price": 88068.32062, "tid": 14562072, "type": "buy"}
{"amount": 2.27e-05, "date": 1672628478, "price": 88068.32062, "tid": 14562073, "type": "buy"}
{"amount": 0.05684, "date": 1672628662, "price": 88068.32062, "tid": 14562074, "type": "buy"}
{"amount": 1.135e-05, "date": 1672628757, "price": 88068.32062, "tid": 14562075, "type": "buy"}
{"amount": 1.135e-05, "date": 1672628788, "price": 88068.32062, "tid": 14562076, "type": "buy"}
{"amount": 3.406e-05, "date": 1672629025, "price": 88068.32062, "tid": 14562077, "type": "buy"}
{"amount": 0.00058079, "date": 1672629094, "price": 88068.32062, "tid": 14562078, "type": "buy"}
{"amount": 0.0011712, "date": 1672629141, "price": 88002.0754832, "tid": 14562079, "type": "sell"}
{"amount": 1.68e-05, "date": 1672629301, "price": 88009.41393791, "tid": 14562080, "type": "sell"}
{"amount": 6.211e-05, "date": 1672629301, "price": 88068.32062, "tid": 14562081, "type": "buy"}
{"amount": 0.00056774, "date": 1672629309, "price": 88068.32062, "tid": 14562082, "type": "buy"}
{"amount": 0.0005126, "date": 1672629351, "price": 88000.35981699, "tid": 14562083, "type": "sell"}
{"amount": 0.03182903, "date": 1672629364, "price": 88068.32062, "tid": 14562084, "type": "buy"}
{"amount": 1.907e-05, "date": 1672629378, "price": 88068.32062, "tid": 14562085, "type": "buy"}
{"amount": 0.0001, "date": 1672629442, "price": 88001.37395251, "tid": 14562086, "type": "sell"}
{"amount": 0.00224848, "date": 1672629836, "price": 88068.32062, "tid": 14562087, "type": "buy"}
{"amount": 0.00145454, "date": 1672629869, "price": 88068.32062, "tid": 14562088, "type": "buy"}
{"amount": 1e-05, "date": 1672629918, "price": 88000, "tid": 14562089, "type": "sell"}
{"amount": 1e-05, "date": 1672629918, "price": 87999.99, "tid": 14562090, "type": "sell"}
{"amount": 0.00031308, "date": 1672629918, "price": 87960.52203931, "tid": 14562091, "type": "sell"}
{"amount": 1.407e-05, "date": 1672629950, "price": 88068.32062, "tid": 14562092, "type": "buy"}
{"amount": 0.00045419, "date": 1672630038, "price": 88068.32062, "tid": 14562093, "type": "buy"}
{"amount": 3.406e-05, "date": 1672630089, "price": 88068.32062, "tid": 14562094, "type": "buy"}
{"amount": 0.00045419, "date": 1672630226, "price": 88068.32062, "tid": 14562095, "type": "buy"}
{"amount": 0.0001, "date": 1672630228, "price": 88000, "tid": 14562096, "type": "sell"}
{"amount": 1e-05, "date": 1672630228, "price": 87999.99, "tid": 14562097, "type": "sell"}
{"amount": 0.0001, "date": 1672630228, "price": 87999.99, "tid": 14562098, "type": "sell"}
{"amount": 0.01549, "date": 1672630228, "price": 87980.91106406, "tid": 14562099, "type": "sell"}
{"amount": 0.01549, "date": 1672630228, "price": 87980.77909438, "tid": 14562100, "type": "sell"}
{"amount": 0.01499, "date": 1672630228, "price": 87980.76665986, "tid": 14562101, "type": "sell"}
{"amount": 0.01633, "date": 1672630228, "price": 87980.71274999, "tid": 14562102, "type": "sell"}
{"amount": 0.01533, "date": 1672630228, "price": 87980.59905495, "tid": 14562103, "type": "sell"}
{"amount": 0.24215, "date": 1672630228, "price": 87975.36895124, "tid": 14562104, "type": "sell"}
{"amount": 0.00329669, "date": 1672630234, "price": 87981.19417496, "tid": 14562105, "type": "sell"}
{"amount": 2.01e-05, "date": 1672630348, "price": 87988.51516004, "tid": 14562106, "type": "sell"}
{"amount": 4.872e-05, "date": 1672630383, "price": 87990.95431544, "tid": 14562107, "type": "sell"}
{"amount": 0.018, "date": 1672630388, "price": 87991.26424, "tid": 14562108, "type": "sell"}
{"amount": 0.00019247, "date": 1672630488, "price": 87998.25412049, "tid": 14562109, "type": "sell"}
{"amount": 1.135e-05, "date": 1672630768, "price": 88079.09, "tid": 14562110, "type": "buy"}
{"amount": 0.00037165, "date": 1672630875, "price": 88079.09, "tid": 14562111, "type": "buy"}
{"amount": 0.00148839, "date": 1672630900, "price": 88080.58500127, "tid": 14562112, "type": "sell"}
{"amount": 0.00012937, "date": 1672630991, "price": 88181.37351006, "tid": 14562113, "type": "buy"}
{"amount": 0.00567022, "date": 1672631016, "price": 88179.95627394, "tid": 14562114, "type": "buy"}
{"amount": 0.00056706, "date": 1672631136, "price": 88173.233135, "tid": 14562115, "type": "buy"}
{"amount": 1e-05, "date": 1672631346, "price": 88160, "tid": 14562116, "type": "buy"}
{"amount": 0.00010338, "date": 1672631346, "price": 88199.99988, "tid": 14562117, "type": "buy"}
{"amount": 1e-05, "date": 1672631628, "price": 88199, "tid": 14562118, "type": "buy"}
{"amount": 1e-05, "date": 1672631628, "price": 88199.9, "tid": 14562119, "type": "buy"}
{"amount": 1e-05, "date": 1672631628, "price": 88199.99, "tid": 14562120, "type": "buy"}
{"amount": 1e-05, "date": 1672631628, "price": 88200, "tid": 14562121, "type": "buy"}
{"amount": 1e-05, "date": 1672631629, "price": 88220, "tid": 14562122, "type": "buy"}
{"amount": 0.01545939, "date": 1672631629, "price": 88220.01918358, "tid": 14562123, "type": "buy"}
{"amount": 0.00053061, "date": 1672631632, "price": 88220.01918358, "tid": 14562124, "type": "buy"}
{"amount": 1e-05, "date": 1672631637, "price": 88299.99, "tid": 14562125, "type": "buy"}
{"amount": 1e-05, "date": 1672631637, "price": 88300, "tid": 14562126, "type": "buy"}
{"amount": 1e-05, "date": 1672631637, "price": 88330, "tid": 14562127, "type": "buy"}
{"amount": 0.00254931, "date": 1672631642, "price": 88377.41, "tid": 14562128, "type": "buy"}
{"amount": 0.00745069, "date": 1672631648, "price": 88377.41, "tid": 14562129, "type": "buy"}
{"amount": 0.01, "date": 1672631648, "price": 88387.88, "tid": 14562130, "type": "buy"}
{"amount": 1e-05, "date": 1672631648, "price": 88399.99, "tid": 14562131, "type": "buy"}
{"amount": 0.00164931, "date": 1672631648, "price": 88400, "tid": 14562132, "type": "buy"}
{"amount": 0.00748069, "date": 1672631675, "price": 88400, "tid": 14562133, "type": "buy"}
{"amount": 1e-05, "date": 1672631675, "price": 88400, "tid": 14562134, "type": "buy"}
{"amount": 1.27e-06, "date": 1672631675, "price": 88440, "tid": 14562135, "type": "buy"}
{"amount": 0.00062697, "date": 1672631821, "price": 88357.02283405, "tid": 14562136, "type": "sell"}
{"amount": 7.869e-05, "date": 1672631876, "price": 88360.19136476, "tid": 14562137, "type": "sell"}
{"amount": 1e-05, "date": 1672631962, "price": 88322.28517299, "tid": 14562138, "type": "sell"}
{"amount": 1e-05, "date": 1672632114, "price": 88332.82671322, "tid": 14562139, "type": "sell"}
{"amount": 0.395, "date": 1672632317, "price": 88343.98713765, "tid": 14562140, "type": "sell"}
{"amount": 0.0001, "date": 1672632435, "price": 88349.05557894, "tid": 14562141, "type": "sell"}
{"amount": 0.001, "date": 1672632472, "price": 88349.08632462, "tid": 14562142, "type": "sell"}
{"amount": 0.00029497, "date": 1672632575, "price": 88303.80933335, "tid": 14562143, "type": "sell"}
{"amount": 0.00010205, "date": 1672632623, "price": 88303.82477736, "tid": 14562144, "type": "sell"}
{"amount": 0.00057293, "date": 1672632644, "price": 88303.85381416, "tid": 14562145, "type": "sell"}
{"amount": 0.01127636, "date": 1672632790, "price": 88303.87685616, "tid": 14562146, "type": "sell"}
{"amount": 0.00049601, "date": 1672632825, "price": 88385.10596482, "tid": 14562147, "type": "buy"}
{"amount": 0.00029897, "date": 1672633057, "price": 88370.02198164, "tid": 14562148, "type": "buy"}
{"amount": 2e-05, "date": 1672633196, "price": 88300, "tid": 14562149, "type": "sell"}
{"amount": 2e-05, "date": 1672633196, "price": 88299.99, "tid": 14562150, "type": "sell"}
{"amount": 0.27094239, "date": 1672633196, "price": 88238.54855048, "tid": 14562151, "type": "sell"}
{"amount": 0.05029761, "date": 1672633196, "price": 88238.54524366, "tid": 14562152, "type": "sell"}
{"amount": 0.00011093, "date": 1672633435, "price": 88345.62088676, "tid": 14562153, "type": "buy"}
{"amount": 0.00060496, "date": 1672633634, "price": 88200.02201468, "tid": 14562154, "type": "sell"}
{"amount": 6.685e-05, "date": 1672633720, "price": 88394.83571806, "tid": 14562155, "type": "buy"}
{"amount": 0.00033337, "date": 1672633807, "price": 88388.7505136, "tid": 14562156, "type": "buy"}
{"amount": 3.813e-05, "date": 1672633918, "price": 88381.0935105, "tid": 14562157, "type": "buy"}
{"amount": 2e-05, "date": 1672634719, "price": 88200, "tid": 14562158, "type": "sell"}
{"amount": 2e-05, "date": 1672634719, "price": 88199.99, "tid": 14562159, "type": "sell"}
{"amount": 0.0001969, "date": 1672634719, "price": 88129.23908552, "tid": 14562160, "type": "sell"}
{"amount": 3.453e-05, "date": 1672634749, "price": 88324.97102122, "tid": 14562161, "type": "buy"}
{"amount": 5.77e-05, "date": 1672634838, "price": 88138.3211601, "tid": 14562162, "type": "sell"}
{"amount": 0.00281622, "date": 1672635568, "price": 88175.4035011, "tid": 14562163, "type": "sell"}
{"amount": 0.00137898, "date": 1672635749, "price": 88179.41993068, "tid": 14562164, "type": "sell"}
{"amount": 0.0097973, "date": 1672635806, "price": 88178.74923822, "tid": 14562165, "type": "sell"}
{"amount": 0.0005132, "date": 1672638423, "price": 88383.31253712, "tid": 14562166, "type": "buy"}
{"amount": 0.00016442, "date": 1672640548, "price": 88307.69396, "tid": 14562167, "type": "buy"}
{"amount": 0.00113261, "date": 1672641693, "price": 88291.06401354, "tid": 14562168, "type": "buy"}
{"amount": 9.889e-05, "date": 1672642106, "price": 88280.8206, "tid": 14562169, "type": "buy"}
{"amount": 0.01042265, "date": 1672643695, "price": 88307.56891472, "tid": 14562170, "type": "buy"}
{"amount": 0.00149988, "date": 1672643699, "price": 88307.56891472, "tid": 14562171, "type": "buy"}
{"amount": 0.0044, "date": 1672643745, "price": 88307.56891472, "tid": 14562172, "type": "buy"}
{"amount": 7.47e-06, "date": 1672643750, "price": 88307.56891472, "tid": 14562173, "type": "buy"}
{"amount": 0.01598327, "date": 1672643750, "price": 88402.78707776, "tid": 14562174, "type": "buy"}
{"amount": 6.73e-06, "date": 1672643756, "price": 88402.78707776, "tid": 14562175, "type": "buy"}
{"amount": 0.155, "date": 1672643769, "price": 88490, "tid": 14562176, "type": "buy"}
{"amount": 3.78e-05, "date": 1672643778, "price": 88490, "tid": 14562177, "type": "buy"}
{"amount": 0.00357195, "date": 1672643778, "price": 88500, "tid": 14562178, "type": "buy"}
{"amount": 0.00501, "date": 1672643778, "price": 88500, "tid": 14562179, "type": "buy"}
{"amount": 0.00512181, "date": 1672644134, "price": 88599.98, "tid": 14562180, "type": "buy"}
{"amount": 0.02610735, "date": 1672645074, "price": 88599.98, "tid": 14562181, "type": "buy"}
{"amount": 0.00275, "date": 1672645301, "price": 88638.4, "tid": 14562182, "type": "buy"}
{"amount": 0.0041136, "date": 1672645405, "price": 88642.18700183, "tid": 14562183, "type": "sell"}
{"amount": 1.345e-05, "date": 1672645558, "price": 88684.85845, "tid": 14562184, "type": "buy"}
{"amount": 0.16433217, "date": 1672645621, "price": 88643.15315252, "tid": 14562185, "type": "sell"}
{"amount": 0.416, "date": 1672645621, "price": 88643.14997, "tid": 14562186, "type": "sell"}
{"amount": 0.1, "date": 1672645621, "price": 88643.14014, "tid": 14562187, "type": "sell"}
{"amount": 0.01499, "date": 1672645621, "price": 88543.9593931, "tid": 14562188, "type": "sell"}
{"amount": 0.01599, "date": 1672645621, "price": 88543.95243571, "tid": 14562189, "type": "sell"}
{"amount": 0.01516, "date": 1672645621, "price": 88543.93459165, "tid": 14562190, "type": "sell"}
{"amount": 0.01599, "date": 1672645621, "price": 88543.84413256, "tid": 14562191, "type": "sell"}
{"amount": 0.01583, "date": 1672645621, "price": 88543.79146499, "tid": 14562192, "type": "sell"}
{"amount": 0.01633, "date": 1672645621, "price": 88538.02547568, "tid": 14562193, "type": "sell"}
{"amount": 0.01533, "date": 1672645621, "price": 88537.90506121, "tid": 14562194, "type": "sell"}
{"amount": 0.01583, "date": 1672645621, "price": 88537.88130439, "tid": 14562195, "type": "sell"}
{"amount": 0.01516, "date": 1672645621, "price": 88537.76601394, "tid": 14562196, "type": "sell"}
{"amount": 0.01499, "date": 1672645621, "price": 88537.36820366, "tid": 14562197, "type": "sell"}
{"amount": 0.01084813, "date": 1672645621, "price": 88537.15928339, "tid": 14562198, "type": "sell"}
{"amount": 0.00014153, "date": 1672645766, "price": 88544.08717049, "tid": 14562199, "type": "sell"}
{"amount": 0.0001127, "date": 1672645974, "price": 88544.19833887, "tid": 14562200, "type": "sell"}
{"amount": 6.477e-05, "date": 1672646013, "price": 88666.0465425, "tid": 14562201, "type": "buy"}
{"amount": 0.00470713, "date": 1672646315, "price": 88671.7490507, "tid": 14562202, "type": "buy"}
{"amount": 0.00111671, "date": 1672646432, "price": 88662.14766658, "tid": 14562203, "type": "buy"}
{"amount": 0.00055269, "date": 1672646585, "price": 88665.8131493, "tid": 14562204, "type": "buy"}
{"amount": 0.00343005, "date": 1672646911, "price": 88526.54669023, "tid": 14562205, "type": "sell"}
{"amount": 0.01072128, "date": 1672647071, "price": 88536.36118336, "tid": 14562206, "type": "sell"}
{"amount": 0.00223767, "date": 1672647978, "price": 88674.99108842, "tid": 14562207, "type": "buy"}
{"amount": 0.00033158, "date": 1672647980, "price": 88674.84484442, "tid": 14562208, "type": "buy"}
{"amount": 0.0005526, "date": 1672648144, "price": 88680.7566671, "tid": 14562209, "type": "buy"}
{"amount": 0.00033989, "date": 1672648546, "price": 88615.50056328, "tid": 14562210, "type": "sell"}
{"amount": 5.637e-05, "date": 1672648554, "price": 88685, "tid": 14562211, "type": "buy"}
{"amount": 2.386e-05, "date": 1672648554, "price": 88688.25, "tid": 14562212, "type": "buy"}
{"amount": 3.251e-05, "date": 1672648554, "price": 88732.28, "tid": 14562213, "type": "buy"}
{"amount": 0.00586786, "date": 1672648689, "price": 88722.19085612, "tid": 14562214, "type": "buy"}
{"amount": 7.867e-05, "date": 1672649029, "price": 88720.3883255, "tid": 14562215, "type": "buy"}
{"amount": 0.003244, "date": 1672649100, "price": 88616.2632552, "tid": 14562216, "type": "sell"}
{"amount": 0.00501309, "date": 1672649711, "price": 88617, "tid": 14562217, "type": "sell"}
{"amount": 0.01633, "date": 1672650120, "price": 88678.81015174, "tid": 14562218, "type": "buy"}
{"amount": 0.0090199, "date": 1672650120, "price": 88678.91956578, "tid": 14562219, "type": "buy"}
{"amount": 0.00062916, "date": 1672650254, "price": 88617, "tid": 14562220, "type": "sell"}
{"amount": 3.204e-05, "date": 1672650254, "price": 88554.1526575, "tid": 14562221, "type": "sell"}
{"amount": 0.00079046, "date": 1672650360, "price": 88555.55, "tid": 14562222, "type": "sell"}
{"amount": 0.00082934, "date": 1672650360, "price": 88554.1526575, "tid": 14562223, "type": "sell"}
{"amount": 0.0057615, "date": 1672650754, "price": 88554.8509435, "tid": 14562224, "type": "sell"}
{"amount": 0.0008982, "date": 1672651002, "price": 88554.8509435, "tid": 14562225, "type": "sell"}
{"amount": 1e-05, "date": 1672651508, "price": 88555.16031193, "tid": 14562226, "type": "sell"}
{"amount": 0.00921784, "date": 1672651623, "price": 88555.16031193, "tid": 14562227, "type": "sell"}
{"amount": 1e-05, "date": 1672651676, "price": 88555.16031193, "tid": 14562228, "type": "sell"}
{"amount": 1e-05, "date": 1672651745, "price": 88650, "tid": 14562229, "type": "buy"}
{"amount": 0.00021105, "date": 1672651745, "price": 88677.88418348, "tid": 14562230, "type": "buy"}
{"amount": 0.003223, "date": 1672651800, "price": 88555.16031193, "tid": 14562231, "type": "sell"}
{"amount": 0.00082922, "date": 1672651834, "price": 88646.5586, "tid": 14562232, "type": "buy"}
{"amount": 0.0001, "date": 1672652009, "price": 88555.16031193, "tid": 14562233, "type": "sell"}
{"amount": 0.001, "date": 1672652220, "price": 88555.16031193, "tid": 14562234, "type": "sell"}
{"amount": 0.00055263, "date": 1672652349, "price": 88675.91778296, "tid": 14562235, "type": "buy"}
{"amount": 1e-05, "date": 1672652438, "price": 88555.16031193, "tid": 14562236, "type": "sell"}
{"amount": 3.654e-05, "date": 1672652780, "price": 88659.51986234, "tid": 14562237, "type": "buy"}
{"amount": 0.00509403, "date": 1672652843, "price": 88555.16031193, "tid": 14562238, "type": "sell"}
{"amount": 0.02, "date": 1672652857, "price": 88599.99, "tid": 14562239, "type": "buy"}
{"amount": 1e-05, "date": 1672652857, "price": 88600, "tid": 14562240, "type": "buy"}
{"amount": 1e-05, "date": 1672652857, "price": 88660, "tid": 14562241, "type": "buy"}
{"amount": 0.0001, "date": 1672652857, "price": 88666, "tid": 14562242, "type": "buy"}
{"amount": 1e-05, "date": 1672652857, "price": 88666.6, "tid": 14562243, "type": "buy"}
{"amount": 1e-05, "date": 1672652857, "price": 88666.66, "tid": 14562244, "type": "buy"}
{"amount": 0.01499, "date": 1672652857, "price": 88683.33884094, "tid": 14562245, "type": "buy"}
{"amount": 0.01549, "date": 1672652857, "price": 88683.43828686, "tid": 14562246, "type": "buy"}
{"amount": 0.01499, "date": 1672652857, "price": 88691.09367278, "tid": 14562247, "type": "buy"}
{"amount": 0.01566, "date": 1672652857, "price": 88691.21895514, "tid": 14562248, "type": "buy"}
{"amount": 0.01583, "date": 1672652857, "price": 88691.90557072, "tid": 14562249, "type": "buy"}
{"amount": 0.01583, "date": 1672652857, "price": 88692.0388965, "tid": 14562250, "type": "buy"}
{"amount": 0.08707, "date": 1672652857, "price": 88692.17686, "tid": 14562251, "type": "buy"}
{"amount": 0.01499, "date": 1672652880, "price": 88691.3515926, "tid": 14562252, "type": "buy"}
{"amount": 0.05, "date": 1672652880, "price": 88691.4859, "tid": 14562253, "type": "buy"}
{"amount": 0.00170325, "date": 1672542328, "price": 88066.70259116, "tid": 14561254, "type": "buy"}
{"amount": 0.00055674, "date": 1672542902, "price": 88020.37460802, "tid": 14561255, "type": "buy"}
{"amount": 0.00018915, "date": 1672543387, "price": 88084.3048, "tid": 14561256, "type": "buy"}
{"amount": 0.00227099, "date": 1672543597, "price": 88067.11223794, "tid": 14561257, "type": "buy"}
{"amount": 0.00626136, "date": 1672543653, "price": 88000, "tid": 14561258, "type": "sell"}
{"amount": 0.00213864, "date": 1672543653, "price": 87950, "tid": 14561259, "type": "sell"}
{"amount": 1e-05, "date": 1672543730, "price": 88055.846684, "tid": 14561260, "type": "buy"}
{"amount": 1e-05, "date": 1672543747, "price": 88054.21276812, "tid": 14561261, "type": "buy"}
{"amount": 1e-05, "date": 1672543795, "price": 88050.3954, "tid": 14561262, "type": "buy"}
{"amount": 0.00113572, "date": 1672543804, "price": 88049.5708, "tid": 14561263, "type": "buy"}
{"amount": 1e-05, "date": 1672544391, "price": 87997.80215484, "tid": 14561264, "type": "buy"}
{"amount": 1e-05, "date": 1672544429, "price": 88111.341077, "tid": 14561265, "type": "buy"}
{"amount": 1e-05, "date": 1672544454, "price": 88109.45921806, "tid": 14561266, "type": "buy"}
{"amount": 1e-05, "date": 1672545119, "price": 87950.01, "tid": 14561267, "type": "sell"}
{"amount": 0.00822123, "date": 1672545119, "price": 87950, "tid": 14561268, "type": "sell"}
{"amount": 1e-05, "date": 1672545119, "price": 87950, "tid": 14561269, "type": "sell"}
{"amount": 1e-05, "date": 1672545119, "price": 87950, "tid": 14561270, "type": "sell"}
{"amount": 1e-05, "date": 1672545119, "price": 87950, "tid": 14561271, "type": "sell"}
{"amount": 1e-05, "date": 1672545119, "price": 87949.99, "tid": 14561272, "type": "sell"}
{"amount": 1e-05, "date": 1672545119, "price": 87910.01, "tid": 14561273, "type": "sell"}
{"amount": 0.00994877, "date": 1672545119, "price": 87910, "tid": 14561274, "type": "sell"}
{"amount": 0.00224962, "date": 1672545484, "price": 88023.58596424, "tid": 14561275, "type": "buy"}
{"amount": 0.00160217, "date": 1672545693, "price": 88005.3832281, "tid": 14561276, "type": "buy"}
{"amount": 0.0008, "date": 1672545905, "price": 87910.01944654, "tid": 14561277, "type": "sell"}
{"amount": 3.204e-05, "date": 1672546083, "price": 88008.6353119, "tid": 14561278, "type": "buy"}
{"amount": 7.33e-05, "date": 1672546404, "price": 87983.63093898, "tid": 14561279, "type": "buy"}
{"amount": 5.513e-05, "date": 1672546587, "price": 87969.58859856, "tid": 14561280, "type": "buy"}
{"amount": 1.136e-05, "date": 1672546721, "price": 87959.61306152, "tid": 14561281, "type": "buy"}
{"amount": 0.00011143, "date": 1672546825, "price": 87951.51114638, "tid": 14561282, "type": "buy"}
{"amount": 0.00011373, "date": 1672547223, "price": 87920.82417934, "tid": 14561283, "type": "buy"}
{"amount": 1.103e-05, "date": 1672547253, "price": 87919.98114, "tid": 14561284, "type": "buy"}
{"amount": 0.00016424, "date": 1672547449, "price": 87919.98114, "tid": 14561285, "type": "buy"}
{"amount": 1e-05, "date": 1672547775, "price": 87910.01, "tid": 14561286, "type": "sell"}
{"amount": 0.00049, "date": 1672547775, "price": 87910, "tid": 14561287, "type": "sell"}
{"amount": 0.00590581, "date": 1672547844, "price": 87910.00000001, "tid": 14561288, "type": "buy"}
